1684 3084
320 193 405 258 90

362 419 590 522 DE
684 417 1474 524 LEGIBUS

496 665 814 724 LIBER
856 663 1370 727 TERTIUS.

320 951 329 958 .
519 897 1536 982 Ancus.sequarigitur,utinstitui,

544 991 797 1052 divinum
811 988 965 1048 illum
979 983 1162 1048 vit-uni
1177 1009 1202 1047 τ
1212 1008 1381 1067 quem
1397 1009 1535 1068 qua-

318 1075 445 1140 dam
458 1069 821 1138 adiniratione
833 1090 1174 1149 commotus,
1189 1072 1408 1153 saepius
1421 1075 1539 1134 for-

318 1161 449 1222 tass'e
462 1163 819 1244 laud0,quam
834 1158 1044 1230 neceffe
1057 1159 1154 1220 est.
1176 1167 1272 1219 Ar
1285 1181 1324 1219 ’r
1339 1182 1359 1220 1
1375 1181 1409 1221 c
1421 1181 1462 1222 u
1477 1183 1532 1223 s-

318 1248 607 1310 Platonem
628 1249 884 1309 videlicet
905 1247 1064 1306 dicis.
1111 1253 1174 1305 M
1183 1267 1218 1306 A
1229 1266 1268 1306 R
1279 1266 1318 1306 c
1331 1267 1372 1306 υ
1386 1269 1440 1308 s.
1459 1247 1534 1308 is·

318 1349 441 1395 tum
455 1334 653 1415 ipsum,
662 1337 868 1395 Attice.
887 1338 938 1392 A
947 1353 984 1392 τ
995 1353 1032 1392 τ
1045 1353 1064 1392 1
1080 1352 1112 1391 c
1123 1353 1164 1392 u
1177 1353 1202 1392 s
1213 1347 1298 1392 ,ω
1311 1354 1456 1394 vero
1471 1355 1532 1394 e-

318 1441 411 1480 um
436 1441 539 1480 nec
568 1423 735 1480 nimis
758 1420 918 1481 valde
935 1439 1204 1498 unquam,
1230 1440 1338 1478 nec
1359 1422 1530 1480 nimis

319 1505 471 1587 saepe
498 1505 829 1566 laudaveris.
893 1526 1024 1564 nam
1053 1507 1160 1563 hoc
1191 1507 1330 1564 mihi
1361 1508 1527 1565 etiam

318 1593 489 1652 nostri
514 1593 613 1666 illi,
637 1595 733 1673 qui
763 1594 1062 1664 neminem,
1087 1588 1186 1648 nifi
1208 1588 1390 1665 suum,
1411 1593 1530 1651 lau·

316 1678 435 1738 dari
450 1679 675 1754 volunt,
695 1677 1036 1752 concedunt,
1057 1692 1120 1735 ut
1141 1697 1266 1735 eum
1295 1680 1532 1738 arbitra-

316 1779 379 1823 tu
394 1785 519 1824 meo
540 1764 785 1842 diligam.
834 1769 991 1824 MAR
1007 1782 1090 1822 cu
1105 1783 1154 1823 s.
1179 1764 1322 1822 bene
1343 1765 1534 1824 hercle

315 1849 548 1912 faciunt.
598 1849 735 1930 quid
749 1850 900 1910 enim
921 1847 995 1910 est
1008 1849 1277 1926 elegantia
1294 1864 1392 1908 tua
1407 1852 1529 1928 dig-

317 1939 483 1998 nius?
510 1938 669 2014 cujus
690 1953 747 1996 et
776 1939 917 2011 vita,
939 1951 994 1994 et
1025 1936 1204 1994 oratio
1227 1934 1531 1997 consecuta

314 2026 448 2084 mihi
478 2022 695 2083 videtur
720 2021 1092 2082 difficillimam
1121 2020 1267 2081 illam
1290 2020 1528 2083 societa-

315 2125 427 2170 tem
440 2110 723 2188 gravitatis
736 2129 878 2168 *cum
900 2109 1258 2167 humanitate.
1311 2116 1412 2168 Ar
1425 2131 1464 2168 ‘r
1477 2131 1530 2170 1-

320 2216 403 2256 cu
418 2217 468 2257 s,
494 2193 622 2254 sane
642 2195 878 2273 gaudee,
902 2193 1055 2274 quod
1076 2208 1131 2252 te
1153 2194 1528 2274 interpellavi,

312 2280 758 2362 quandoquidem
774 2297 886 2340 tam
903 2279 1244 2360 praeclarum
1267 2282 1405 2340 mihi
1429 2282 1526 2342 de-

310 2366 635 2442 distijudicii
651 2369 731 2426 tui
749 2366 1136 2428 testimonium.
1164 2364 1253 2425 sed
1267 2383 1524 2446 perge,ut

304 2469 583 2528 coeperas.
654 2457 718 2510 M
726 2474 761 2510 A
774 2472 811 2510 R
826 2473 860 2509 c
875 2473 909 2509 u
926 2473 976 2512 ε.
1019 2452 1308 2512 laudemus
1344 2455 1522 2530 igitur

301 2535 454 2610 prius
468 2533 647 2612 legem
666 2535 839 2616 ipsam
861 2539 1011 2598 veris
1023 2553 1078 2597 et
1091 2539 1335 2619 propriis
1347 2559 1524 2618 gene-
