1684 3084
229 238 238 243 .
297 200 417 258 114
643 185 772 241 DE
817 184 1281 241 LEGIBUS

285 284 452 357 tinet,
461 296 524 341 ut
537 300 730 351 omnes
747 282 893 360 leges
909 282 1148 357 tolleret,
1156 302 1299 362 quae
1314 281 1533 362 postea

285 366 428 426 latae
442 366 592 441 sunt,
615 388 755 447 quae
769 384 967 444 tegunt
979 372 1135 427 omni
1152 370 1380 427 ratione
1396 368 1527 427 fuf-

287 452 544 531 fragium,
567 474 638 512 ne
669 456 794 533 quis
823 453 1073 533 inspiciat
1104 455 1397 528 tabellam,
1440 474 1527 514 ne

285 554 469 617 roget,
489 560 562 599 ne
574 540 822 619 appellet.
870 556 1073 621 pontes
1086 543 1251 599 etiam
1266 540 1367 599 lex
1378 548 1523 599 Ma-

289 626 370 685 ria
393 626 520 685 fecit
543 624 822 703 angustos.
872 648 1013 705 quae
1034 625 1073 685 fi
1095 626 1351 707 oppofita
1376 626 1523 687 sunt

287 711 608 784 ambitiosis,
625 728 688 769 ut
701 711 830 771 sunt
843 712 977 786 fere,
993 734 1113 773 non
1130 714 1514 793 reprehendo.

289 796 369 857 fin
385 798 656 856 valuerint
672 814 891 858 tantum
906 799 1077 877 leges,
1093 816 1159 858 ut
1170 820 1243 859 ne
1256 799 1367 858 {int
1384 820 1513 859 am·

288 884 656 943 bitumhabeat
673 882 796 943 sane
811 885 1051 965 popul'us
1067 885 1341 960 tabellam,
1362 906 1513 963 qua·

289 968 328 1029 fi
343 970 617 1029 vindicem
633 970 901 1030 libertatis
906 971 1231 1044 ,dummodo
1246 975 1385 1031 haee
1402 993 1513 1051 op·

291 1057 432 1117 timo
447 1058 644 1134 cuique
659 1072 714 1115 et
723 1056 1029 1133 gravissimo
1040 1058 1151 1116 civi
1162 1057 1510 1133 ostendatur,

288 1140 548 1221 ultroque
561 1141 849 1219 offeratur,
870 1144 951 1201 uti
965 1146 1028 1202 in
1038 1165 1108 1203 eo
1120 1143 1187 1204 fit
1202 1143 1322 1223 ipso
1336 1145 1511 1204 iiber·

287 1244 397 1303 tas,
411 1232 473 1287 in
489 1250 604 1307 quo
619 1230 826 1308 populo
843 1228 1079 1309 potestas
1096 1231 1321 1289 honeste
1334 1233 1507 1291 bonis

287 1314 637 1393 gratificandi
659 1314 842 1375 datur.
890 1336 1066 1395 eoque
1088 1338 1240 1376 nunc
1264 1316 1328 1376 fit
1342 1317 1507 1393 illud,

291 1402 444 1481 quod
473 1424 507 1461 a
530 1418 584 1459 te
605 1401 798 1477 mod0,
824 1404 1056 1478 Quinte,
1082 1402 1289 1463 dietum
1319 1402 1419 1479 est,
1442 1420 1507 1463 ut

289 1490 477 1549 minus·
492 1488 698 1547 multos
726 1488 924 1548 tabella
948 1489 1304 1563 condemnet,
1336 1510 1505 1568 quam

289 1572 498 1633 solebat
514 1595 655 1650 vox,
679 1576 807 1653 quid
830 1574 1041 1654 populo
1068 1576 1227 1635 licere
1252 1574 1381 1637 satis
1406 1576 1501 1637 est.

289 1663 401 1719 hoc
417 1676 656 1734 retent0,
691 1661 903 1740 reliqua
924 1661 1188 1721 voluntas
1204 1665 1501 1722 auetorita-

289 1747 358 1821 ti,
383 1762 478 1805 aut
492 1748 697 1823 gratiae
719 1742 995 1807 traditur}
1022 1750 1229 1827 itaque,
1253 1761 1318 1807 ut
1334 1753 1501 1809 omit·

288 1848 403 1895 tam
419 1833 712 1911 largitione
727 1850 991 1913 corrupta
1004 1833 1401 1912 suffragia,non
1418 1838 1498 1893 vi·

289 1918 387 1981 des
393 1918 449 1993 ,fi
467 1921 693 1999 quando
703 1922 939 1981 ambitus
949 1920 1309 2001 fileat,quaeri
1324 1922 1383 1981 in
1395 1920 1499 1983 suf-

289 2005 499 2082 fragiis,
525 2006 656 2085 quid
676 2008 875 2083 optimi
890 2008 999 2067 viri
1016 2006 1281 2067 sentiant?
1306 2030 1496 2087 quam·

288 2094 478 2151 obrem
493 2092 609 2168 lege
627 2090 810 2151 nostra
825 2092 1093 2153 libertatis
1106 2093 1306 2174 species
1316 2095 1494 2171 datur,

289 2179 569 2237 bonorum
585 2180 883 2237 auetoritas
906 2182 1194 2254 retinetur,
1216 2187 1493 2242 contenti-

291 2266 420 2323 onis
438 2262 597 2323 causa
619 2264 856 2322 tollitur.
990 2266 1209 2325 Deinde
1234 2264 1492 2345 sequitur,
1516 2273 1561 2317 18

287 2349 586 2423 quibusjus
607 2348 671 2407 fit
683 2369 806 2409 cum
819 2349 1031 2428 populo
1046 2352 1364 2429 agendi,aut
1374 2376 1493 2415 cum

288 2428 496 2491 senatu.
532 2436 738 2508 gravis,
763 2449 840 2509 et,
866 2450 929 2493 ut
946 2439 1206 2512 arbitror,
1232 2441 1494 2519 praeclara

282 2512 397 2573 lex.
448 2515 469 2549 ‘
491 2536 632 2597 quae
647 2537 770 2579 cum
791 2522 1029 2601 populo,
1054 2542 1305 2609 quaeque
1324 2528 1385 2587 in
1399 2548 1491 2611 pa.
