1684 3084
311 190 600 250 LIBER
652 185 1178 245 SECUNDUS.
1302 183 1380 261 ὅς

175 313 305 355 eum
320 291 476 351 alteri
489 289 721 371 placeat,
735 286 971 370 auspicia
985 285 1080 347 ista
1095 285 1165 347 ad
1179 285 1391 345 utilita-

178 397 293 440 tem
306 376 412 438 effe
426 375 752 457 reipublicae
766 372 1088 455 compofita;
1107 372 1268 432 alteri
1281 371 1392 433 dis·

179 465 388 547 eiplina
428 462 605 524 vestra
646 460 797 541 quas:
842 461 1102 520 divinare
1137 459 1392 520 videatur

182 550 419 634 prorsus
424 549 596 632 polle.
642 551 745 608 hac
762 547 904 606 tude
927 568 1005 622 re,
1031 565 1238 626 quaero
1257 545 1394 624 quid

181 639 408 700 sentias,
422 645 527 698 MA
538 657 577 698 R
590 657 623 696 c
636 655 675 695 u
690 655 743 696 s.
754 653 936 712 egone
941 633 1397 712 ?divinationem,

184 747 356 811 quam
385 731 585 788 Graeci
628 748 905 806 μαι-νικῆν
949 724 1253 806 appellant,
1287 725 1394 787 effe

184 817 405 895 censeo,
418 833 476 877 et
490 818 654 898 hujus
668 823 815 880 hanc
830 818 1000 900 ipsam
1015 833 1228 899 partem
1232 838 1397 898 ,quae

185 905 264 967 est
278 905 339 964 in
356 905 549 964 avibus
560 905 894 985 caeterisque
901 904 1067 983 lignis
1078 903 1401 986 disciplinae

186 990 735 1071 nostraqquodssum
750 991 991 1052 summos
1003 989 1137 1050 deos
1149 989 1252 1050 effe
1265 1011 1397 1051 con-

188 1077 473 1154 cedamus,
496 1097 800 1158 eorumque
822 1093 1008 1138 mente
1024 1076 1291 1137 mundum
1307 1097 1398 1138 re-

188 1167 271 1244 gi,
284 1179 343 1224 et
354 1165 675 1225 eorumdem
688 1165 1090 1244 benignitatem
1107 1167 1400 1228 hominum

191 1249 479 1312 consulere
492 1253 705 1330 generi,
726 1268 785 1323 ᾳ
800 1250 948 1331 poss'e
965 1253 1128 1311 nobis
1145 1249 1181 1310 fi
1185 1273 1296 1330 gna
1313 1273 1401 1312 re·

191 1357 317 1398 rum
346 1336 653 1398 futurarum
668 1337 970 1413 ostendere,
985 1357 1104 1396 non
1119 1337 1286 1396 video
1303 1359 1405 1400 cur

192 1422 298 1485 ess'e
312 1422 716 1485 divinationem
732 1445 948 1503 negem.
976 1422 1101 1482 sunt
1117 1438 1296 1483 autem
1313 1445 1405 1502 ea,

192 1531 338 1592 quae
367 1509 555 1590 posui,
599 1532 673 1570 ex
710 1514 910 1592 quibus
938 1509 1021 1585 id,
1053 1508 1207 1588 quod
1236 1509 1400 1570 volu-

192 1617 343 1672 mus,
370 1595 605 1656 efficitur
626 1613 682 1656 et
702 1600 942 1676 cogitur.
977 1597 1096 1675 jam
1118 1615 1255 1654 vero
1278 1617 1403 1677 per·

193 1683 498 1745 multorum
520 1684 900 1765 exemplorum
917 1698 974 1742 et
995 1679 1177 1741 nostra
1199 1681 1273 1742 est
1287 1683 1406 1764 ple·

194 1791 276 1832 na
304 1768 627 1850 respublica,
656 1786 713 1829 et
742 1770 935 1831 omnia
963 1790 1154 1848 tegna,
1189 1767 1405 1830 omnes-

197 1877 310 1939 que
340 1855 533 1939 populi
546 1901 566 1933 ,
604 1862 940 1937 cunetaeque
968 1871 1160 1936 gentes
1174 1899 1194 1931 ,
1233 1877 1406 1936 augu-

198 1962 324 2004 r-um
352 1943 641 2024 praedia-is
671 1944 847 2004 multa
883 1941 1280 2004 incredibiliter
1307 1963 1407 2002 ve-

198 2051 266 2091 ra
287 2027 553 2092 cecidiist.
600 2033 945 2111 nequeenim
961 2028 1203 2108 Polyidi,
1227 2049 1409 2109 neque

203 2115 599 2196 Melampodis,
622 2137 801 2197 neque
833 2114 1037 2195 Mopfi,
1067 2135 1248 2194 neque
1271 2121 1410 2176 Am·

202 2204 439 2284 phiarai,
478 2223 659 2283 neque
692 2203 1036 2277 CalchantiS,
1073 2219 1253 2280 neque
1291 2207 1410 2262 He·

205 2289 321 2350 leni
358 2304 575 2349 tantum
612 2310 820 2350 nomen
859 2284 1058 2363 fuiss'et,
1105 2305 1284 2365 neque
1321 2302 1412 2348 tot

208 2378 467 2437 nationes
492 2357 563 2436 id
572 2375 642 2436 ad
670 2379 779 2437 hoc
804 2391 1022 2454 tempus
1048 2371 1414 2452 retinuissent,

206 2464 456 2526 Arabum
470 2506 489 2538 ,
532 2465 840 2541 Phrygum,
875 2467 1230 2538 Lycaonum,
1277 2459 1414 2518 Cili

172 2565 363 2630 cum,
394 2550 747 2630 maximeque
780 2545 1098 2622 Pifidarum,
1135 2541 1234 2605 nifi
1255 2557 1415 2605 vetu-
