1684 3084
317 189 412 249 e6
545 183 666 244 DE·
691 181 905 244 NAT.
936 181 1317 244 DEORUM

325 283 546 367 quidde
564 284 694 366 ipfis
712 283 986 364 auspiciis,
1016 285 1245 369 quibus
1242 303 1350 343 nos
1374 272 1545 362 prae·

317 373 530 447 sumne,
551 371 967 432 existimandum
986 364 1072 432 fit.
1096 374 1229 431 haec
1242 372 1393 431 enim
1408 392 1539 432 om·-

318 459 416 519 nia
430 459 496 518 ad
521 463 664 518 hanc
677 460 744 518 de
755 458 865 517 diis
878 453 1283 516 immortalibus
1296 457 1539 536 quaesti-

321 567 491 606 onem
507 544 790 606 referenda
807 537 953 604 sunt.
980 543 1229 623 profedeo
1242 563 1338 603 eos
1353 541 1537 626 ipsoe,

322 636 421 714 qui
450 631 504 693 se
533 631 742 712 aliquid
769 633 911 691 certi
938 633 1137 690 habere
1164 625 1536 708 arbitrantur,

321 719 644 780 addubitare
675 733 837 797 coget
872 711 1300 778 doetiss'uiioruni
1342 720 1533 778 hornia

223 843 226 846 -
319 825 458 867 num
471 805 789 865 demaxima
803 825 865 865 re
890 820 1042 864 tanta
1056 801 1325 865 diffenfio.
1372 799 1537 884 quod

313 913 444 954 cum
458 890 612 972 saepe
623 891 784 967 alias,
793 907 913 951 tum
928 892 1167 962 maxime
1180 890 1535 952 animadver-

317 981 388 1055 ti,-
411 999 538 1039 cum
551 977 709 1060 apud
714 985 783 1040 C.
804 985 1050 1053 Cottam,
1074 971 1395 1038 familiarem
1408 999 1533 1038 me·

315 1071 446 1141 inii,
478 1063 750 1126 accurate
757 1065 887 1125 sane
912 1080 972 1124 et
1000 1065 1293 1144 diligenter
1318 1065 1387 1126 de
1406 1065 1527 1126 diis

317 1152 724 1216 immortalibus
739 1149 1072 1233 disputatum
1088 1151 1174 1212 fit.
1221 1172 1373 1228 nam,
1396 1173 1529 1214 cum

315 1235 468 1300 feriis
485 1236 708 1300 Latinis
719 1237 789 1298 ad
801 1257 934 1299 eum·
952 1237 1121 1320 ipfius
1132 1253 1329 1318 rogatu
1338 1237 1527 1300 'arces-

303 1325 536 1407 finique
547 1324 829 1403 veniffim,
852 1325 1064 1386 offendi
1094 1324 1218 1388 e'um
1246 1323 1529 1387 sedentem

313 1416 376 1478 ’m
393 1413 676 1490 exedram
685 1432 814 1474 cum
827 1419 898 1474 C.
911 1413 1131 1474 Velleio
1146 1408 1397 1474 senatore
1412 1411 1527 1474 dis-

267 1573 274 1578 ·
313 1515 624 1584 putantem:
641 1501 708 1560 ad
725 1521 891 1580 quem
906 1515 1025 1559 tum
1041 1502 1299 1581 Epicurei
1311 1503 1523 1588 primas

309 1609 386 1648 ex
398 1585 608 1648 nostris
615 1584 933 1647 hominibus
948 1584 1287 1649 deferebant.
1334 1587 1525 1648 aderat

310 1677 478 1735 etiam
521 1682 596 1750 (ζ
638 1673 887 1733 Lucilius
919 1673 1153 1734 Balbus·
1196 1677 1309 1755 qui
1324 1671 1520 1735 tantos

311 1759 624 1844 prog‘ress'us
667 1763 904 1824 habebat
934 1763 997 1820 in
1032 1763 1252 1837 Stoicis,
1302 1777 1371 1822 ut
1390 1783 1519 1822 cum

308 1846 706 1911 excellentibus
729 1849 790 1906 in
813 1867 883 1906 eo
904 1869 1103 1926 genere
1120 1851 1344 1910 Graecis
1361 1869 1517 1910 eom-

306 1950 607 2020 pararetur.
615 1949 766 2010 tum,
781 1949 844 1993 ut
859 1955 948 1994 me
964 1937 1303 2013 Cottavidit‚
1314 1957 1519 2038 perop-

305 2039 568 2106 pot-tune,
589 2022 794 2100 inquit,
815 2024 1000 2083 venis.
1046 2023 1226 2084 oritur.
1246 2025 1393 2083 enim
1411 2025 1517 2082 mi-

304 2113 364 2173 hi
379 2117 596 2213 'magna
625 2107 694 2166 de
715 2128 776 2166 re
797 2107 1083 2171 altercatio
1114 2131 1241 2172 cum
1257 2110 1502 2169 Velleio.
1548 2115 1553 2120 “

305 2200 420 2273 cui,
443 2214 548 2277 pro
581 2207 682 2254 tuo
711 2192 915 2272 studio,
944 2217 1065 2256 non
1088 2197 1163 2256 est
1190 2196 1429 2256 alienum
1453 2211 1507 2257 te

302 2281 580 2346 intercise:
701 2283 889 2361 Atqui
901 2286 1035 2342 mihi
1052 2303 1277 2364 quoque
1292 2275 1515 2359 videor,
1532 2325 1561 2371 7

300 2374 552 2449 inquam,
566 2365 857 2443 veniffe,ut
868 2369 1370 2450 dicis,opportune.
1396 2373 1517 2430 tres·

299 2459 452 2516 enim
467 2455 634 2514 trium
649 2443 1059 2532 disciplinarum
1075 2459 1353 2538 principes
1370 2477 1515 2516 con-

293 2540 550 2621 venistis..
584 2545 671 2604 M.
695 2539 1059 2606 minimest
1090 2541 1311 2624 adesset,
1344 2543 1507 2616 nulli·
