1684 3084
132 7 265 14 ——--

283 157 555 216 LIBER
594 157 1089 216 SECUNDUS.
1188 157 1311 238 169

81 275 306 337 exquo
329 254 564 336 plurima
586 251 985 335 conspicientes
1006 253 1315 334 fungantur

83 343 200 404 suo
213 362 466 404 munere.
511 357 570 402 et
598 362 756 401 aures
779 363 909 402 cum
930 339 1129 402 sonum
1142 345 1316 422 perci-

83 451 228 512 pete
243 430 502 508 debeant,
521 430 621 510 qui
645 443 844 488 natura
872 430 935 489 in
956 427 1185 490 sublime
1204 429 1317 498 fer-

85 534 214 592 tur;
235 523 380 578 recte
395 519 458 578 in
473 517 598 578 altis
620 536 919 596 corporum
932 518 1181 598 partibus
1198 516 1319 578 col-

83 605 316 668 locatae
343 603 494 664 sunt.
551 605 800 683 itemque
833 624 1021 680 nares,
1056 623 1125 664 eo
1162 602 1321 684 quod

86 695 294 754 omnis
309 691 454 752 odor
468 689 537 750 ad
551 688 740 771 supera
753 689 1096 768 samareite
1109 688 1321 753 sursum

83 778 267 842 sunt:
290 794 348 839 et
377 777 530 859 quod
557 779 668 840 cibi
691 794 750 838 et
768 781 1021 859 potionis
1038 778 1321 858 judicium

87 888 372 946 magnum
400 887 585 926 earum
607 864 706 941 est,
729 887 851 926 non
874 866 987 926 fine
1008 865 1165 928 causa
1176 868 1321 929 vici-

87 957 338 1016 nitatem
354 955 472 1014 oris
487 951 701 1012 secutae
723 951 873 1012 sunt.
911 955 1035 1032 jam
1054 951 1325 1033 gustatus,

87 1044 202 1124 qui
218 1040 422 1102 sentire
440 1059 660 1115 eorum,
687 1040 892 1118 quibus
913 1038 1205 1118 vescimur,
1225 1063 1326 1121 ge·

90 1150 241 1191 nera
257 1127 500 1202 deberet,
513 1128 726 1188 habitat
738 1128 879 1187 inea
892 1143 1045 1208 parte
1058 1129 1197 1204 erist,
1210 1147 1327 1210 qua

89 1213 403 1278 esculentis
425 1229 482 1274 et
503 1213 809 1295 potulentis
833 1216 938 1274 iter
958 1231 1157 1276 natura
1171 1231 1325 1298 pate-

92 1304 266 1365 fecit.
315 1305 492 1361 tastus
521 1317 706 1362 autem
729 1317 1108 1384 toto-corpore
1124 1323 1327 1384 aequa·

92 1391 296 1453 biliter
316 1388 466 1450 fusus
489 1386 587 1465 est,
608 1405 672 1448 ut
700 1411 895 1450 omnes
918 1391 1080 1465 ictus,
1106 1387 1331 1450 omnes·

95 1499 219 1559 que
233 1478 443 1538 nimios
462 1491 521 1536 et
533 1476 762 1555 frigoris
784 1475 1053 1538 et-caioris
1070 1475 1329 1560 appulsus

97 1564 316 1626 sentire
344 1564 624 1646 possimus,
669 1581 859 1644 atque,
894 1581 960 1624 ut
979 1566 1037 1627 in
1066 1565 1331 1626 aedificiis

98 1650 403 1714 architecti
434 1665 694 1710 avertunt
721 1653 789 1711 ab
807 1653 999 1714 oculis
1021 1668 1079 1712 et
1100 1654 1331 1714 naribus

101 1738 478 1802 dominorum
491 1757 579 1814 ea,
595 1757 734 1817 quae
747 1741 1081 1816 profluentia
1094 1737 1333 1802 necessa·

107 1828 202 1890 rio
233 1825 367 1885 tetri
393 1821 563 1898 essem
590 1823 794 1906 aliquid
823 1829 1108 1888 habitura:
1141 1826 1211 1890 fic
1227 1849 1332 1888 na·

111 1929 242 1976 tura
272 1931 358 1974 res
373 1909 566 1972 similes
595 1914 794 1994 procul
809 1915 1129 1975 amandavit
1144 1936 1177 1974 a
1206 1913 1335 1976 sen-

31 2019 84 2063 57
111 2000 283 2062 sibus·
419 2001 560 2076 Quis
583 2022 720 2064 vero
751 2001 970 2082 opifex,
999 2017 1215 2082 praeter
1230 2002 1333 2063 tia-

112 2104 320 2161 turam,
335 2106 446 2167 qua
461 2087 600 2147 nihil
615 2086 792 2169 potest
805 2087 907 2148 esse
918 2089 1196 2165 callidiuS,
1206 2106 1335 2150 tan·

115 2191 234 2236 tam
258 2174 534 2234 solertiam
550 2172 803 2255 persequi
820 2175 1078 2256 potuisset
1094 2178 1155 2236 in
1171 2174 1335 2238 senfi-

113 2262 264 2324 bus?
309 2281 456 2341 quae
485 2264 726 2342 primum
763 2261 959 2322 oculos
996 2265 1335 2326 membranis

115 2348 438 2410 tenuissimis
469 2347 687 2408 vestivit
711 2365 776 2408 et
819 2345 1005 2428 sepsit:
1052 2372 1189 2430 quas
1220 2355 1336 2434 pri-

116 2456 274 2496 mum
305 2433 615 2515 perlucidas
647 2434 802 2515 fecit,
837 2452 904 2495 ut
936 2459 1031 2517 per
1060 2459 1149 2498 eas
1182 2443 1337 2502 cerni

118 2520 330 2606 poss'et3
358 2521 546 2582 firmas
571 2539 778 2600 autem,
800 2539 864 2584 ut
887 2528 1333 2592 continerentur.

702 2616 762 2671 H
