1684 3084
325 129 445 184 112
534 120 650 179 DE
681 118 895 177 NAT.
928 118 1311 178 DEO'RUM

245 262 256 269 -
317 223 536 296 Gratia,
544 225 716 279 Fraus
720 265 740 296 ,
755 219 1080 294 Pertinacia,
1092 218 1575 303 Parcae,Hespe'·³'
1677 250 1678 293 i

317 309 882 388 tides,Somnia=quos
898 327 1093 367 omnes
1106 310 1289 367 Erebo
1304 324 1364 367 et
1378 318 1563 371 Noc·
1677 320 1678 393 ζ

320 410 378 457 te
393 410 557 455 natos
573 394 759 455 ferunt
769 439 784 456 .
829 410 923 454 aut
947 396 1115 472 igitur
1128 397 1267 455 haec
1282 395 1557 457 monstra

323 482 605 563 probanda
635 481 784 558 sunt,
822 498 917 541 aut
939 484 1117 562 prima
1138 481 1231 541 illa
1252 481 1546 544 tollenda.
1677 540 1678 549 ξ

326 570 506 646 Quid?
533 568 871 649 Apollinem,
895 568 1233 644 Vulcanum,
1258 571 1559 629 Mercuriae
1581 595 1629 639 18

323 674 444 729 um,
465 672 733 731 caeteros,
755 656 891 715 deos
906 654 1012 715 effe
1026 656 1171 715 dices
1186 678 1204 715 ε
1228 654 1301 715 de
1315 664 1553 719 Hercu-
1677 662 1678 665 ’

322 742 398 817 le,
423 741 768 822 Aesculapio,
794 745 1021 817 Libere,
1044 740 1287 817 Castore,
1312 743 1553 805 Postuee

323 829 633 894 dubitabis?
659 844 718 889 at
747 832 806 889 hi
828 830 1051 910 quidem
1076 828 1342 889 coluntur
1366 849 1551 911 aeque

323 930 496 999 atque
525 916 636 991 illi;
677 918 824 999 apud
860 915 1125 998 quosdam
1156 920 1319 976 etiam
1357 919 1551 979 multo

329 1006 532 1085 magis.
580 1025 716 1083 ergo
733 1008 791 1064 hi
807 1004 886 1065 dii
902 1003 1029 1065 sunt
1043 1004 1302 1080 habendi,
1326 1022 1548 1067 morta-

331 1093 476 1153 libus
491 1094 608 1151 nati
623 1093 921 1152 matribus?
940 1092 1103 1172 quid?
1124 1090 1429 1167 Aristaeus,
1446 1094 1548 1173 qui

329 1178 516 1239 olivae
529 1178 734 1239 dicitur
749 1181 1038 1255 inventor,
1064 1179 1345 1259 Apollinis
1362 1179 1513 1239 filius
1526 1201 1546 1241 ε

330 1265 609 1342 Theseus,
633 1269 730 1348 qui
747 1268 1024 1348 Neptuni:
1058 1268 1281 1347 reliqui,
1296 1288 1545 1347 quorum

331 1371 520 1437 patres
535 1350 1013 1429 dii3no'n-erunt2in
1030 1356 1259 1415 deorum
1276 1354 1545 1415 numero?

331 1441 492 1522 quid,
515 1459 750 1521 quorum
769 1442 1003 1502 matres?
1028 1444 1417 1523 opinaretiam
1432 1459 1547 1501 ma·-

333 1530 447 1607 gis.
467 1522 475 1529 ¹
493 1524 560 1588 ut'
571 1532 717 1589 enim
735 1530 941 1609 injure
964 1530 1111 1589 civili
1116 1573 1136 1604 ,
1160 1531 1261 1611 qui
1280 1528 1546 1589 estmaffe-

335 1616 529 1692 libera,
553 1616 690 1677 liber
717 1616 836 1677 estt·
863 1620 995 1678 item
1012 1620 1139 1695 jure
1170 1632 1419 1691 naturae,
1450 1616 1544 1697 q'ui

339 1701 440 1763 dea
462 1720 634 1763 matre
647 1704 744 1778 est,
767 1705 901 1764 deus
919 1702 983 1763 fit
998 1702 1203 1765 neceffe
1217 1704 1310 1765 est.
1357 1706 1543 1785 itaque

337 1790 614 1849 Achillem
631 1790 1010 1871 Astypalenses
1027 1790 1263 1852 insulani
1292 1790 1539 1851 sanfflffi·

335 1898 430 1940 me
451 1878 668 1939 colunt.
717 1882 812 1957 qui
833 1876 871 1937 fi
904 1878 1036 1939 d'eus
1060 1878 1168 1939 est:
1193 1893 1249 1938 et
1266 1881 1537 1957 Orpheus,

339 1980 399 2025 et
414 1963 640 2040 Rhesus,
659 1966 738 2025 dii
755 1963 903 2040 sunt,
916 1964 1073 2025 Musa
1088 1982 1262 2027 matre
1278 1968 1418 2025 nati.
1442 1962 1536 2023 nifi

341 2050 488 2113 forte
503 2054 806 2112 maritimae
823 2054 1047 2133 nuptiae
1060 2055 1295 2112 terrenis
1312 2067 1533 2131 antepo-

303 2184 310 2194 .
341 2154 576 2201 fiuntur.
609 2138 717 2200 fihi
735 2140 810 2199 dii
829 2161 947 2199 non
968 2138 1112 2215 sunt,
1136 2142 1266 2219 quia
1280 2136 1533 2217 nusquam
1572 2185 1577 2191 .

339 2227 624 2286 coluntur:
643 2248 756 2307 quo
771 2227 943 2287 modo
959 2226 1039 2285 illi
1052 2224 1206 2286 sunt?
1220 2227 1348 2285 vide
1362 2227 1532 2303 igitur5

337 2332 416 2371 ne
433 2315 732 2372 virtutibus
764 2316 1053 2373 hominum
1076 2312 1159 2373 isti
1181 2316 1423 2372 honores
1444 2316 1529 2371 ha-

335 2399 596 2470 beantur,
622 2419 742 2456 non
760 2398 1301 2459 immortalitatibus:
1328 2398 1531 2478 quodtu

341 2481 772 2574 guoquessalbe,
787 2482 937 2546 visus
950 2504 1010 2545 es
1022 2485 1238 2547 dicere..
1248 2504 1363 2567 quo
1380 2482 1531 2547 modo·
