1684 3084
382 200 465 257 72
604 183 721 240 DE
751 180 969 239 NAT.
1001 180 1384 239 DEORUM

374 284 615 358 bonum,
637 280 791 360 quod
810 278 876 339 fit
890 277 962 357 sej
969 284 1194 339 anetum
1212 300 1246 339 a
1269 280 1526 343 delicatis
1541 297 1594 343 et

375 368 668 430 obscoenis
682 366 1224 446 voluptatibustquae
1231 367 1468 447 quidem
1477 390 1592 431 non

374 452 695 517 erubescens
724 450 1064 533 persequitur
1097 474 1294 513 omnes
1326 457 1590 515 nomina·

376 544 503 604 tim.
536 560 701 622 quem
714 541 898 599 cibum
915 541 1105 617 igitur,
1127 554 1223 598 aut
1237 560 1386 620 quas
1404 544 1590 621 potio-

376 650 507 705 nes,
530 643 623 689 aut
637 646 775 707 quas
791 646 996 685 vocum
1011 641 1106 685 aut
1120 626 1327 686 florum
1351 630 1592 689 varieta-

374 732 486 791 tes,
501 730 595 773 aut
611 733 755 794 quos
770 716 969 785 radius,
983 732 1131 792 quos
1145 711 1353 772 odores
1371 715 1590 775 adhibe-

376 804 463 862 bis
480 800 547 860 ad
563 800 721 873 deos,
743 814 807 857 ut
828 819 926 857 eos
950 798 1248 879 perfundas
1281 800 1588 881 voluptati·

372 888 571 949 bus?at
582 889 781 967 potitae
794 885 1014 964 quidem
1029 887 1588 965 nefiarffimbrofiam,

374 973 565 1055 epulas
594 987 944 1052 comparant,
980 986 1038 1031 et
1075 988 1170 1032 aut
1206 978 1587 1048 juventatem,

375 1077 473 1121 aut
488 1059 864 1137 Ganymedem
881 1058 1078 1138 pocula
1093 1056 1588 1123 ministrantem.tu

374 1162 579 1221 autem,
598 1148 852 1224 Epicure,
868 1144 1002 1224 quid
1014 1144 1210 1205 facies?
1236 1166 1430 1226 neque
1445 1150 1588 1209 enim

375 1232 522 1295 unde
537 1234 731 1292 habeat
744 1229 841 1291 ista
855 1230 989 1292 deus
1006 1246 1134 1291 tuus
1150 1229 1338 1293 video:
1349 1254 1461 1295 nec
1475 1254 1586 1315 quo

374 1319 545 1383 modo
560 1318 1094 1397 utatur.locup1etior
1107 1321 1278 1397 igitur
1292 1322 1586 1382 hominum

374 1414 571 1469 natura
586 1405 652 1465 ad
668 1408 824 1466 beate
838 1405 1136 1464 vivendum
1153 1402 1226 1464 e‘st
1228 1426 1440 1485 ‚quam
1455 1406 1585 1468 deo·

374 1492 674 1572 rum‚quod
690 1491 936 1573 pluribus
951 1494 1244 1570 generibus
1261 1492 1472 1553 fruitur
1486 1516 1585 1555 vo·

372 1580 667 1661 luptatum.
714 1593 771 1637 at
785 1580 882 1637 has
899 1578 1135 1639 leviores
1151 1578 1308 1639 ducis
1323 1580 1586 1660 volupta-

371 1682 480 1743 tes,
501 1667 702 1745 quibus
720 1663 866 1745 quali
885 1666 1128 1728 titillatio
1151 1663 1412 1744 (Epicuri
1435 1669 1586 1727 enim

368 1757 481 1814 hoc
494 1755 721 1813 verbum
736 1750 839 1828 est)
851 1750 1086 1812 senfibus
1103 1752 1415 1813 adhibetur.
1439 1774 1584 1831 quo·

370 1837 539 1921 usque
552 1838 725 1899 ludis?
753 1860 885 1899 nam
903 1838 1059 1901 Philo
1081 1840 1246 1899 etiam
1269 1838 1459 1901 noster
1473 1840 1581 1900 fer·

368 1949 431 1988 re
448 1948 567 1989 non
576 1921 1124 2007 poterat‚adspernari
1133 1927 1300 2005 Epicu
1305 1946 1434 1985 reos
1443 1928 1586 1990 mol·

368 2015 453 2075 les
468 2029 525 2073 et
538 2013 797 2073 delicatas
823 2011 1156 2091 voluptates.
1203 2009 1414 2071 summa
1425 2016 1580 2073 enim

370 2102 637 2164 memoria
650 2100 1048 2180 pronuntiabat
1070 2098 1331 2176 plurimas
1348 2100 1580 2179 Epicuri

368 2186 688 2261 sententias,
710 2187 798 2245 his
821 2184 946 2264 ipfis
969 2187 1174 2259 verbis,
1195 2185 1402 2263 quibus
1415 2201 1578 2245 erant

368 2274 620 2353 scriptae.
662 2271 977 2331 Metrodori
993 2291 1149 2343 vero,
1161 2271 1262 2349 qui
1278 2268 1352 2328 est
1369 2273 1575 2351 Epicu·

368 2362 419 2423 ri
436 2359 645 2432 collega
664 2355 980 2434 sapientiae,
1005 2356 1178 2415 multa
1197 2356 1572 2435 impudentio-

372 2464 433 2502 ra
455 2443 733 2501 recitabat.
782 2441 991 2499 accusat
1003 2443 1152 2501 enim
1170 2444 1575 2520 Timocratem,

368 2528 595 2589 stati-em
624 2523 801 2601 suum,
827 2526 1204 2605 MetrodoruS,
1229 2528 1384 2607 quod
1417 2530 1572 2591 dubi·

1547 13 1554 15 ’
1657 15 1670 275 1
