1684 3084
307 206 432 267 208
516 200 636 263 DE
666 196 881 259 NAT.
914 190 1301 259 DEORUM

301 306 516 370 constat
530 326 601 365 ex
617 302 1114 385 praetermittendis
1130 302 1261 361 volu
1266 306 1566 383 pratibux

302 396 589 476 corporis:
617 393 703 451 cui
734 390 772 449 fi
795 391 949 449 locus
968 391 1027 447 in
1052 388 1210 449 coelo
1234 389 1329 466 est,
1362 389 1449 452 est
1468 416 1549 455 e-

301 487 432 544 tiam
450 480 844 559 voluptatibus.
894 497 1023 535 nam
1053 475 1218 535 fortis
1252 477 1391 537 deus
1426 482 1545 540 in·

301 572 472 648 telligi
489 572 584 649 qui
604 565 802 647 potest?
825 566 887 623 in
902 563 1117 637 dolore,
1134 584 1206 621 an
1223 564 1281 621 in
1299 564 1543 645 labore,

302 679 374 719 an
408 659 466 715 in
497 652 768 735 periculo?
801 664 1038 731 quorum
1070 649 1232 709 deum
1262 653 1408 711 nihil
1434 672 1541 714 at-

301 746 492 821 tingit.
542 756 648 799 nec·
667 741 884 797 ratione
914 740 1082 816 igitur
1103 752 1377 814 utentem,
1408 764 1535 804 nec

299 835 506 895 virtute
527 828 637 887 ulla
667 825 974 906 praeditum
1010 825 1171 884 deum
1202 826 1533 905 intelligere

299 923 396 1002 qul
413 914 728 999 possumus?
776 934 879 972 nec
901 933 1033 973 vero
1054 912 1205 989 vulgi
1222 928 1393 992 atque
1408 917 1531 976 im-

300 1010 605 1091 peritorum
640 999 909 1060 inscitiam
946 998 1215 1079 despicere
1261 1000 1525 1079 possum,

301 1116 427 1157 cum
443 1116 508 1153 ea
537 1088 840 1163 confidere,
874 1108 1013 1167 quae
1036 1086 1299 1145 dicuntur
1315 1108 1348 1145 a
1364 1092 1525 1149 Stoi·

299 1184 403 1247 eis·
437 1179 562 1238 sunt
577 1179 726 1236 enim
743 1175 836 1234 illa
853 1175 1256 1255 imperitorum.
1296 1174 1521 1255 piscem

297 1271 421 1350 Syri
438 1276 794 1328 venerantur.
845 1276 1013 1323 omne
1026 1260 1135 1320 fere
1150 1282 1329 1339 genus
1346 1262 1523 1324 besti·

300 1378 455 1417 arum
473 1354 730 1433 Aegyptii
753 1349 1233 1411 consecraverunt.
1274 1350 1399 1427 jam
1414 1372 1521 1413 ve·
1600 1372 1603 1374 *

300 1464 367 1505 ro
381 1446 440 1503 in
457 1442 685 1501 Graecia
715 1438 920 1497 multos
944 1440 1149 1496 habent
1168 1456 1240 1495 ex
1262 1439 1519 1499 homini·

297 1534 400 1592 bus
418 1530 572 1603 deos,
584 1525 924 1600 Alabandum
928 1524 1245 1600 ,Alabandix
1264 1528 1519 1605 Tenedi,

299 1626 516 1679 Tenem
534 1639 550 1675 z
578 1616 1113 1692 Leucotheam‚quae
1122 1612 1227 1671 fuit
1244 1619 1437 1689 Ino‚et
1452 1636 1515 1676 e-

288 1706 389 1786 jus
407 1704 786 1763 Palaemonem
801 1700 997 1773 filium,
1022 1705 1219 1759 cuncta
1236 1704 1473 1761 Graecia
1482 1714 1521 1778 3·-

297 1788 616 1868 Herculem,
657 1786 1035 1866 Aestulapium
1048 1830 1066 1861 ,
1106 1786 1468 1865 Tyndaridas
1488 1812 1519 1851 τ

299 1876 599 1945 Romulum
635 1872 838 1947 nostri,
888 1872 1127 1953 aliosque
1166 1875 1510 1955 complures,

297 1989 442 2053 quos
461 1963 607 2046 quafi
623 1983 806 2022 novos
811 1977 888 2037 ‚et
905 1960 1265 2043 adscriptitios
1278 1964 1428 2022 cives
1444 1966 1518 2024 in‘

295 2055 510 2119 eoelum
527 2065 777 2131 receptos
805 2065 1050 2129 putant.-
1072 2050 1209 2109 h'aec
1231 2050 1399 2127 igitur
1412 2052 1519 2109 in*

297 2144 467 2205 doffi.
553 2158 559 2163 ·
604 2136 753 2215 Quid
769 2158 874 2195 vos
899 2134 1236 2217 philosophi?
1270 2142 1370 2216 qui
1388 2160 1509 2199 me·
1542 2145 1591 2190 16

294 2230 463 2291 liora?
489 2227 691 2287 omitto
721 2223 840 2283 illa:
866 2221 992 2283 sunt
1010 2225 1170 2283 enim
1201 2224 1505 2303 praeclara.

294 2317 360 2379 fit
374 2316 500 2377 sane
515 2316 646 2375 deus
664 2308 774 2393 ipse
787 2310 1049 2372 mundus.
1061 2314 1169 2371 hoc
1184 2310 1350 2371 credo
1365 2311 1505 2374 illud

293 2402 398 2468 effi:
473 2402 484 2417 ⁴
731 2396 737 2400 “

308 2512 314 2521 ·
336 2490 573 2554 sublime
603 2486 869 2568 candens,
896 2505 1057 2569 quem
1078 2487 1361 2551 invocant
1376 2506 1508 2549 om-

307 2610 338 2621 ·-
421 2599 522 2645 nes
543 2584 782 2656 Jovem..
