1684 3084
335 164 471 239 ‘200
557 172 684 229 DE·
703 170 916 227 NAT.
950 167 1135 225 1)Εο
1160 168 1361 229 RUM

340 288 552 345 motus,
581 270 901 348 omniaque,
922 269 1079 348 quae'
1090 271 1260 328 certis
1293 273 1596 353 tempori·-

335 362 446 421 buz
457 358 714 419 ordinem
727 354 882 415 suum
898 354 1469 431 conservant,divina
1478 361 1595 421 du«-

338 449 540 521 cimus,
579 466 652 504 ne
684 445 950 503 tertianas
992 442 1219 523 quidem
1258 444 1482 523 febres,
1522 463 1589 508 et

339 550 636 615 quartanas
642 530 883 604 ,divinas
900 529 1002 589 ess'e
1018 528 1319 591 dicendum
1334 531 1580 613 fit‚qua·

335 640 464 681 rum
495 616 804 679 reverfione
823 632 883 675 et
906 632 1063 677 motu
1089 616 1225 696 quid
1250 620 1440 697 potest
1465 619 1577 683 ess'e

269 760 282 770 .
335 704 712 769 constantius?-
734 703 826 763 sed
854 706 1108 764 omnium
1140 704 1337 765 talium
1370 727 1573 770 rerum

335 796 480 855 ratio
495 790 774 853 reddenda
791 789 889 850 est.
936 791 1095 871 quod
1110 812 1217 851 vos
1232 812 1363 853 cum
1378 794 1570 855 facere

329 901 456 945 non
472 877 722 961 potestis,
737 895 1004 958 tanquam
1020 882 1081 939 in
1098 900 1273 955 aram,
1294 881 1566 961 confligi.-

334 968 409 1029 tis
425 968 496 1027 ad
509 969 696 1029 deum.
743 982 800 1026 et
817 964 1157 1046 Chryfippus
1178 968 1281 1026 tibi
1298 984 1465 1029 acute
1478 969 1563 1030 di-

329 1076 460 1116 cere
473 1056 781 1130 videbatur,
796 1058 969 1115 homo
984 1052 1097 1113 fine
1108 1054 1283 1113 dnbio
1296 1055 1467 1115 versu
1472 1072 1561 1119 tus

329 1157 392 1203 et
405 1142 661 1203 callidus.
693 1142 714 1174 ‘
733 1140 1005 1201 versutos’
1019 1162 1119 1201 eos
1134 1140 1383 1221 appelle,
1410 1165 1561 1223 quo·

331 1248 458 1291 rum
485 1230 734 1289 celeriter
748 1249 909 1289 mens
931 1226 1210 1290 versatur:
1256 1228 1279 1260 ‘
1294 1229 1560 1293 callidos'

325 1324 545 1393 dutem,
565 1338 830 1398 quomm,
855 1332 1124 1397 tanquam
1138 1336 1341 1377 manus
1358 1339 1559 1399 opere)

329 1402 406 1471 fic
433 1407 656 1465 animus
679 1404 778 1465 usu
805 1403 1130 1466 concalluit.
1178 1405 1227 1463 is
1246 1405 1446 1482 igitur,
1472 1407 1495 1440 ‘
1518 1406 1558 1468 fi

330 1490 356 1526 ‘
379 1490 592 1574 aliquid
612 1492 942 1572 est‚-inquit‚
966 1492 1123 1571 quod
1144 1494 1318 1551 homo
1332 1492 1555 1555 efficere

331 1576 356 1613 ‘
379 1600 501 1641 non
517 1580 676 1661 possit
689 1603 717 1653 3·
733 1583 832 1659 qni
856 1579 912 1639 id
928 1579 1119 1655 efficit,
1142 1578 1343 1639 melior
1354 1579 1433 1640 est
1444 1583 1551 1643 ho-

332 1663 356 1699 ‘
379 1668 549 1728 mine.
581 1671 754 1729 homo
775 1682 959 1727 autem
972 1669 1129 1742 haec,
1150 1668 1368 1746 quaein
1384 1688 1550 1729 mun-

327 1752 354 1815 =‘
379 1753 454 1814 do
471 1753 620 1831 sunt,
641 1754 855 1815 efficere
868 1756 987 1815 lion
1003 1753 1203 1833 potest.
1249 1756 1349 1833 qui
1363 1758 1549 1835 potuit

330 1837 356 1875 ‘
379 1841 570 1921 igitur,
592 1842 641 1901 is
665 1841 895 1921 praestat
923 1842 1161 1903 homini.
1206 1843 1427 1902 homini
1448 1864 1545 1904 au·

328 1925 356 1979 ·‘
381 1945 493 1991 tem
509 1928 776 2010 praestare
789 1931 917 2010 quis
934 1928 1115 2009 possit,
1138 1927 1241 1989 nifi
1270 1927 1439 1989 deus?
1470 1928 1544 1993 est

332 2014 356 2049 ‘
379 2018 548 2095 igitur
561 2017 696 2077 deus
707 2020 744 2077 .’
759 2021 891 2077 haec
906 2018 1099 2077 omnia
1112 2018 1173 2075 in
1190 2015 1407 2091 eodem,
1426 2036 1541 2097 quo

330 2104 430 2167 illa
447 2107 911 2181 Zexioni8,errore
920 2102 1229 2165 versantur.
1244 2104 1383 2183 quid
1395 2106 1539 2167 enim

333 2192 402 2255 fit
415 2190 633 2270 melius,
655 2193 790 2273 quid
811 2190 1209 2273 praestabilius,
1239 2191 1377 2271 quid
1396 2192 1543 2253 inter

333 2290 590 2343 naturam
605 2296 662 2341 et
675 2281 953 2339 rationein
966 2276 1203 2353 interfit,
1218 2298 1341 2338 non
1354 2276 1538 2340 distin·

333 2370 543 2446 guitur.
589 2366 865 2447 idemque,
886 2364 927 2427 fi
954 2365 1045 2425 dei
1074 2386 1195 2425 non
1225 2364 1357 2442 fint,
1378 2382 1535 2445 negat

331 2453 441 2515 effe
466 2455 529 2513 in
557 2454 714 2513 omni
744 2469 938 2513 natura
976 2454 1281 2532 quidquam
1316 2454 1532 2513 homine

327 2540 551 2607 melius.
596 2538 654 2601 id
667 2554 851 2599 autem
871 2555 1067 2621 putate
1086 2560 1421 2621 quemquam
1430 2542 1530 2601 ho·
