1684 3084
201 148 210 157 -
313 128 398 189 74
485 78 497 94 ’
605 111 1249 173 DELEans

309 208 334 243 ‘
357 209 498 272 stum
511 210 724 273 donum
735 208 995 290 deo.jam
1008 229 1101 270 aes
1110 225 1289 290 atque
1304 210 1531 290 ferrum,
1619 205 1630 262 ἓ

310 294 334 329 ‘
353 297 525 359 duelli
539 297 917 372 instrumenta,
944 318 1068 357 non
1085 296 1243 357 fani.-
1282 296 1530 377 ligneum
1622 305 1634 332 ⁵

309 380 336 417 ‘
349 400 544 445 antem
571 383 832 465 quodque
862 384 1125 457 voluerit,
1165 404 1295 443 uno
1318 406 1357 444 e
1378 386 1531 463 ’ligno

311 468 336 502 ‘
357 469 634 544 dedicato,
677 472 922 549 itemque
949 469 1255 550 lapideum,
1285 471 1357 530 in
1388 472 1531 531 delu-

309 554 334 588 ‘
357 559 472 617 brie
487 558 895 617 communibus.
910 556 1107 615 textile
1122 576 1199 614 ne
1216 556 1525 636 ope-rufius,

311 641 336 675 ‘
357 662 526 723 quam
537 642 786 702 mulieris
803 663 947 722 opus
962 640 1335 703 menstruum}
1386 644 1535 704 color

310 727 335 764 ‘
344 744 538 789 utun
553 728 731 804 albus,
759 731 1048 808 praecipue
1066 727 1323 788 decorus
1348 728 1457 790 deo
1468 728 1536 791 est

311 812 334 849 ‘
352 830 477 875 mm
505 817 570 875 in
597 815 852 890 caeteris,
890 830 1008 874 tum
1036 816 1287 874 maxime
1311 818 1380 874 in
1418 831 1535 876 tex·

311 900 336 936 ‘
357 900 464 962 tili.
523 903 698 961 tincta
727 922 864 961 vero
895 900 1091 975 abfint,
1130 899 1238 961 nifi
1266 923 1303 961 a
1328 902 1537 963 bellicis

313 988 337 1023 ‘
358 987 684 1065 insignibus.
729 986 1053 1047 diviniffima
1066 1002 1255 1047 autem
1274 986 1461 1065 dona,
1482 1010 1535 1048 a·

314 1073 339 1109 ‘
361 1095 458 1134 ves
485 1089 544 1135 et
563 1074 776 1135 formae
795 1075 865 1133 ab
887 1094 1007 1133 uno
1033 1074 1252 1154 pistore
1282 1096 1413 1135 uno
1448 1079 1539 1137 ab·

313 1160 339 1197 ‘
359 1158 570 1221 §bintae
593 1159 716 1221 die:
747 1161 989 1239 itemque
1008 1174 1223 1220 caetera
1244 1161 1425 1239 hujus
1446 1182 1539 1221 ex-

316 1246 342 1285 ‘
361 1246 534 1327 empli
565 1246 717 1307 dona
744 1243 954 1307 sunto!
1000 1250 1135 1306 haec
1163 1246 1251 1305 illi
1272 1246 1506 1327 placent
1521 1270 1538 1305 ε

315 1332 410 1397 sed
428 1342 534 1412 ego
553 1348 768 1393 caetera
787 1352 910 1391 non
936 1347 1049 1391 tam
1074 1331 1321 1393 restriae
1346 1333 1541 1414 praefi-

315 1418 532 1495 n10,vel
544 1420 833 1479 hominum
848 1417 1119 1494 vitiis,ve1
1131 1416 1388 1479 subsidiis
1404 1437 1541 1481 tem-

317 1507 741 1671 ἕοᾷῗέἶῖἷῗζῖ
743 1504 1545 1667 ε’ἓέἶὲἶιῗέηᾚῖῗὲῗὲἓὲῗ

314 1696 428 1758 que
442 1676 814 1756 subigendam,
815 1674 1209 1759 superstitionis
1220 1678 1442 1759 aliquid
1456 1700 1545 1739 ac·

317 1760 550 1826 oefferit.
597 1770 694 1823 AT
707 1785 743 1824 τ
757 1785 775 1823 1
791 1784 877 1824 cu
894 1786 945 1825 s-
962 1766 1139 1825 habeo
1156 1763 1275 1825 ista.
1300 1785 1465 1827 nunc
1478 1766 1547 1825 de

319 1849 486 1910 sacris
501 1852 780 1931 perpetuis
783 1866 861 1927 ‚et
875 1851 943 1910 de
956 1853 1202 1909 manium
1210 1851 1348 1928 jure
1360 1852 1545 1911 restat.

320 1942 480 1997 ΜΔΕ.
493 1955 526 1995 c
540 1955 579 1997 u
594 1957 646 1997 s,
663 1938 706 1996 ὁ
722 1938 917 1997 miram
932 1939 1279 2011 memoriam,
1299 1944 1549 2018 Pompo·

321 2022 408 2097 ni,
423 2026 598 2081 tuam!
619 2038 678 2081 at
691 2024 826 2082 mihi
839 2022 937 2083 ista
950 2022 1293 2083 exciderant.
1320 2030 1427 2095 Aa:
1440 2046 1478 2084 τ
1492 2046 1513 2084 1
1524 2054 1551 2069 -

327 2126 362 2169 c
375 2127 414 2167 u
429 2129 454 2169 s
465 2152 482 2169 .
505 2109 586 2167 ita
599 2108 764 2167 credo
779 2131 796 2168 z
822 2106 913 2167 sed
926 2124 1113 2169 tamen
1129 2112 1238 2168 hoc
1252 2113 1439 2187 magis
1454 2127 1555 2169 αις·

320 2213 408 2253 res
420 2210 476 2252 et
487 2196 714 2263 memini
727 2210 785 2254 et
799 2189 1231 2274 exspeewssluod
1240 2210 1299 2254 et
1312 2195 1385 2255 ad
1396 2218 1549 2275 pon-

317 2277 652 2355 tificiumjus
667 2295 722 2338 et
737 2280 808 2339 ad
821 2280 983 2339 civile
998 2282 1317 2359 pertinent..
1348 2289 1549 2341 MAa-

323 2380 356 2419 c
369 2379 409 2418 u
423 2381 448 2419 s
459 2403 476 2419 .
494 2382 634 2421 vero
642 2384 662 2436 ς
681 2380 736 2423 et
753 2365 1071 2444 apertissima
1097 2364 1225 2425 sunt
1236 2366 1351 2427 istis
1370 2367 1441 2427 de
1454 2386 1551 2427 τοο·

311 2444 422 2507 bus
437 2459 493 2507 et
507 2444 762 2529 responsa
777 2465 834 2511 et
849 2448 1049 2531 scripta
1060 2452 1259 2515 multaz
1280 2468 1343 2515 et
1356 2472 1466 2533 ego
1480 2454 1547 2515 in
