1684 3084
22 1722 33 1783 ?

423 147 715 218 ‘mez
757 146 1185 220 TERTuiS.
1296 176 1417 240 ρος

177 242 266 343 'go
283 259 508 321 animal
522 262 756 320 intereat
779 260 985 320 necesse
1000 260 1095 323 est.
1112 264 1425 328 innumera-

175 348 334 411 bilia
351 344 508 423 sunt,
529 368 601 407 ex
621 350 826 427 quibus
841 348 985 408 effici
1000 352 1233 431 cogique
1246 356 1427 433 poffit‚

180 437 346 496 nihil
377 432 508 509 effe,
538 434 693 513 quod
717 432 928 495 sensum
952 438 1168 512 habeat,
1200 442 1336 519 quin
1368 442 1427 501 id

183 524 475 583 intereat.
523 523 726 581 etenim
753 543 818 581 ea
841 521 978 603 ipsa,
1013 542 1153 603 qnae
1184 522 1426 589 sentiun-

185 620 327 685 tur,'
355 624 423 667 ut
445 607 646 685 frigus,
678 624 741 667 ut
755 609 926 684 calor,
958 627 1023 669 ut
1050 612 1337 693 voluptas,
1363 632 1439 677 ut·
1494 620 1501 625 ’

193 696 403 771 dolor,
429 710 500 753 ut
521 712 749 769 caetera,
771 718 897 756 cum
924 698 1249 779 amplificata
1272 700 1425 783 flant,

187 786 666 845 interimunt.nec
681 783 853 843 ullum
871 786 1071 844 animal
1084 786 1159 846 est
1173 787 1285 847 fine
1298 788 1425 851 sen·

191 870 286 933 su.
336 869 560 931 nullum
591 872 760 946 igitur
788 872 995 929 animal
1015 872 1091 931 est
1112 890 1420 941 aeternum.

115 973 174 1020 14
199 959 444 1019 Etenim
473 966 569 1015 dut
597 955 827 1036 fimplex
856 956 931 1017 est
954 972 1151 1019 natura
1172 964 1429 1025 animan·

199 1049 310 1119 tiz,
333 1059 401 1104 ut
413 1042 504 1104 vel
525 1058 745 1103 terrena
763 1042 849 1117 fit,
879 1044 971 1104 vel
991 1046 1177 1123 ignea,
1200 1048 1291 1109 vel
1308 1052 1429 1111 ani-

197 1132 404 1207 malis,
413 1130 508 1190 vel
523 1129 748 1191 humida
763 1153 780 1191 t
798 1132 953 1211 quod
967 1132 1132 1213 quale
1144 1133 1231 1211 fit,
1246 1158 1321 1197 ne
1336 1140 1429 1199 in·

199 1219 393 1298 telligi
423 1216 650 1299 quidem
689 1218 903 1299 potestr
932 1236 1039 1278 ant
1065 1240 1326 1285 concreta
1352 1246 1431 1287 ex

203 1308 472 1390 pluribus
490 1307 726 1383 naturis,
748 1326 983 1386 quarum
1004 1304 1157 1368 sunm
1181 1328 1439 1393 quaeque

205 1394 422 1456 locum-
437 1394 657 1470 habeat,
680 1414 796 1473 quo
821 1408 1049 1455 naturae
1068 1398 1127 1455 vi
1150 1396 1435 1479 efferatum

207 1483 326 1543 alia
339 1480 617 1555 infimum,
632 1480 738 1541 alia
753 1478 1022 1542 summum
1026 1482 1154 1559 ,alia
1168 1484 1432 1549 medium.

207 1573 356 1631 haec
373 1568 444 1628 ad
459 1568 741 1648 quoddam
763 1583 982 1649 tempus
1004 1572 1296 1630 cohaerere
1309 1572 1438 1653 pos-

210 1654 352 1718 sunt
368 1678 386 1715 :
403 1654 614 1735 semper
627 1670 810 1715 autem
827 1654 986 1714 nullo
1000 1656 1172 1716 modo
1184 1656 1433 1739 possuntt

214 1740 436 1805 neceffi:
448 1741 524 1802 est
535 1745 712 1819 enim,
731 1744 791 1802 in
809 1740 963 1802 snum
978 1762 1231 1825 quaeque
1246 1745 1436 1811 locum

217 1846 426 1893 natura
439 1831 701 1911 rapiatur.
733 1828 944 1891 nullum
957 1832 1127 1911 igitur
1140 1834 1347 1894 animal
1362 1834 1441 1899 est

219 1917 640 1998 sempiternum.
685 1915 776 1979 sed
805 1920 997 1977 omnia
1023 1916 1209 1997 vestri,
1245 1921 1436 2001 Balbej

219 2003 408 2067 solent
437 2004 506 2065 ad
536 2005 754 2084 igneam
783 2008 900 2065 vim
922 2004 1147 2081 referre,
1186 2008 1438 2070 Heracli-

127 2164 134 2171 ·
223 2108 370 2167 tum,
395 2108 460 2151 nt
481 2094 712 2173 opinor,
734 2091 1051 2172 sequentes:
1078 2111 1242 2172 quem
1259 2094 1443 2175 ipsum·

223 2201 350 2240 non
380 2200 580 2239 omnes
618 2180 1054 2259 interpretantur
1090 2200 1209 2239 uno
1238 2182 1434 2245 modo,

225 2268 328 2346 qui
351 2268 641 2347 quoniam,
664 2266 801 2346 quid
821 2264 1050 2341 diceret,
1074 2264 1306 2345 intelligi
1330 2290 1437 2330 no-

225 2353 356 2429 luit,
379 2356 724 2413 omittamusz
769 2373 878 2413 vos
908 2366 1091 2411 autem
1122 2354 1199 2412 ita
1226 2355 1437 2435 dicitis,

227 2460 456 2499 omnem
485 2441 604 2500 vim
633 2436 737 2499 effe
766 2440 971 2519 ignem.
1020 2441 1207 2521 itaque
1236 2456 1291 2500 et
1314 2445 1437 2501 ani-‘-

229 2542 448 2590 mantes
450 2557 475 2608 5
495 2547 624 2591 cum
638 2525 790 2591 calor
806 2524 1087 2603 defecerit,
1110 2540 1230 2586 tum
1243 2528 1455 2587 interi-
