1684 3084
327 182 600 241 LIBER*
631 183 1103 242 SECUNDUS.
1198 183 1311 248 161

104 281 340 359 insedit,
367 285 510 363 rapit
532 302 755 343 omnem
775 281 891 342 sere
910 283 1091 342 cibum
1112 277 1183 343 ud
1198 279 1325 361 sese,

105 391 296 451 eoque
325 367 536 450 septum
555 369 718 448 fingit
747 368 983 430 animal:
1015 369 1169 450 quod
1199 389 1323 432 eum

105 478 184 518 ex
199 473 372 516 utero
379 455 618 537 elapsum
633 455 929 530 excidit3in
944 458 1325 517 iisanimanti·

106 547 216 606 bus
218 587 242 621 ,
257 561 404 624 quae
415 543 812 619 lactealuntur,
834 543 1154 604 omnis-fere
1160 545 1327 607 cibus

103 648 357 692 matrum
384 628 664 691 lactescere
682 632 885 710 incipit
898 652 923 690 :-
958 651 1169 711 eaquc,
1184 649 1327 709 quae

102 719 284 800 paulo
299 732 432 778 ante
451 731 586 777 nata
599 715 746 794 sunt,
775 716 889 778 fine
908 717 1189 797 magistro,
1220 708 1345 778 du·'

101 827 172 867 ee
187 819 416 881 natura,
435 825 700 866 mammas
715 821 1008 886 appetunt,
1028 825 1325 887 earumque

105 894 368 956 ubertate
389 889 720 953 saturantur.
767 907 937 972 atque
956 907 1021 952 ut
1046 892 1323 974 intelliga-

103 999 242 1042 mus
249 978 432 1056 „nihil
445 981 646 1040 horum
659 977 766 1040 effe
779 978 1095 1053 fortuitum,
1122 995 1179 1039 et
1192 982 1325 1041 haec

101 1067 312 1128 omnia
347 1063 454 1126 elle
488 1085 657 1147 opera
699 1066 967 1146 providae
1009 1063 1327 1146 solertisque

101 1169 373 1214 naturae:
397 1172 540 1233 quae
551 1152 885 1233 multiplices
902 1152 1083 1213 foetus
1098 1173 1325 1234 procre-

105 1255 239 1317 ant,
267 1254 336 1298 ut
362 1237 507 1316 sues,
533 1255 599 1299 ut
627 1260 817 1316 canes,
847 1241 934 1300 his
964 1261 1325 1302 mammarum

102 1325 242 1388 data
261 1324 340 1386 est
359 1325 660 1388 multitudo
673 1348 692 1386 t
723 1347 863 1407 quas
892 1325 1101 1400 easdem
1124 1345 1323 1406 paucas

105 1413 327 1476 habent
353 1433 450 1473 eae
462 1411 679 1490 bestiae,
709 1433 853 1493 quae
874 1433 1045 1495 pauca
1058 1417 1321 1492 gignunt.

105 1499 251 1580 quid
273 1499 478 1576 dicam,
500 1515 740 1580 quantus
769 1521 928 1560 amor
956 1499 1237 1561 bestiarum
1259 1497 1327 1560 fit

105 1588 173 1649 in
203 1584 530 1662 educandis,
559 1585 1034 1666 custodiendisque
1061 1589 1155 1662 iis,
1184 1605 1327 1667 quae

105 1688 574 1752 procreaverunt,
593 1671 764 1752 usque
778 1673 849 1732 ad
864 1693 988 1732 eum
1002 1671 1166 1733 finem
1170 1672 1327 1747 ,dum

106 1759 318 1840 poffint
347 1758 402 1820 se
423 1758 538 1840 ipsa
557 1759 885 1820 defendere?
918 1757 1015 1819 etfi
1034 1757 1231 1842 pisces,
1258 1773 1324 1820 ut

108 1847 294 1922 aiunt,
331 1867 442 1906 ova
463 1867 590 1906 cum
611 1861 943 1924 genuerunt,
974 1847 1319 1926 relinquunt.

109 1929 273 1992 facile
287 1935 440 1992 enim
455 1933 546 1992 illa
559 1953 702 2012 aqua
715 1948 772 1992 et
785 1931 1191 2008 sustinentur,et
1204 1933 1323 1992 foe-

30 2026 58 2069 5
61 2026 82 2060 ²
113 2031 235 2079 tum
266 2018 531 2088 fundunt.
665 2018 999 2079 Testudines
1028 2033 1231 2095 autem,
1266 2033 1324 2080 ct

108 2104 430 2164 crocodilos
461 2105 676 2179 dicunt,
706 2127 832 2166 cum
856 2108 919 2164 in
940 2121 1091 2166 terra
1104 2121 1323 2185 partum

104 2190 403 2267 ediderint,
425 2193 658 2252 obruere
673 2191 1003 2267 ova,deinde
1016 2185 1287 2250 discedere
1300 2211 1321 2250 ε

104 2278 186 2336 ita
199 2293 256 2336 et
273 2276 594 2352 nascuntur,
609 2293 667 2336 et
682 2277 987 2336 educantur
1002 2275 1115 2358 ipsa
1130 2297 1229 2358 per
1241 2276 1321 2336 se-

104 2361 180 2430 se.
203 2363 326 2440 jam
343 2363 598 2441 gallinae,
608 2361 841 2444 avesque
854 2363 1113 2443 reliquae,
1120 2379 1176 2422 et
1190 2365 1319 2444 qui-

103 2464 258 2510 etum
279 2452 572 2530 requirunt
585 2449 654 2510 ad
669 2450 997 2530 pariendum
1026 2449 1235 2525 locum,
1258 2466 1317 2510 et

102 2534 308 2601 cubilia
319 2535 442 2616 fibi,
461 2535 724 2622 nidosque
739 2535 1099 2616 consttuunt,
1114 2534 1323 2615 eosque
