1684 3084
371 133 658 193 LIBER
701 133 1149 193 TERTIUS.
1246 148 1363 209 103

157 236 353 314 potuit
368 234 694 315 respublica?
728 254 824 293 cur
848 248 1029 293 autem
1052 248 1149 292 aut
1161 245 1369 308 vetera,

157 338 264 380 aut
292 322 467 381 aliena
499 318 853 401 proferamus'
872 322 1081 400 potine,
1118 339 1283 398 quam
1312 332 1373 377 et

157 408 370 483 nostra,
383 424 440 468 et
454 408 720 467 recentia?
739 406 869 487 quis
884 426 1124 486 unquam
1142 420 1255 464 tam
1272 426 1370 463 au-

157 494 300 569 dax,
323 511 436 553 tam
460 496 718 554 inimicus
735 496 901 553 nobis
914 491 1114 566 fuiffiet,
1138 508 1201 551 ut
1216 493 1370 569 cogi-

157 596 304 641 taret
317 600 565 659 unquam
583 579 652 639 de
663 580 800 639 statu
823 578 1016 639 nostro
1043 577 1372 637 labefafian·

161 667 264 744 de,
288 666 386 726 nifi
409 686 729 727 mucronem
751 666 991 746 aliquem
1022 666 1377 725 tribunitium

157 752 452 813 exacuiss'et
481 755 540 813 in
574 756 710 814 nos?
761 774 924 834 quem
954 774 1080 814 cum
1112 753 1373 812 homines

157 839 406 901 scelerati
421 862 485 899 ac
499 842 717 921 perditi,
743 860 861 898 non
878 839 1053 899 modo
1064 838 1179 899 ulla
1190 841 1251 897 in
1268 838 1372 899 do-

156 948 280 1001 mn,
293 926 394 998 *sed
409 926 560 987 nulla
575 929 634 985 in
651 942 819 1005 gente⁴
832 928 1154 1007 reperirent,
1177 942 1377 1003 gentes

157 1014 260 1074 fibi
275 1016 336 1073 in
360 1014 602 1073 tenebris
625 1014 951 1093 reipublicae
974 1011 1376 1094 perturbandas

119 1140 130 1147 -
159 1116 519 1181 putaverunt.
567 1100 722 1180 quod
736 1102 901 1160 nobis
924 1100 1145 1181 quidem
1162 1102 1373 1177 egregi-

159 1209 282 1263 um,
299 1204 357 1247 et
369 1186 438 1247 ad
453 1187 919 1247 immortalitatem
936 1187 1233 1247 memoriae
1246 1185 1372 1263 glo·

159 1273 670 1349 riosum,nemiriem
685 1276 746 1331 in
763 1295 875 1333 nos
891 1274 1137 1347 mercede
1151 1270 1261 1331 ulla
1278 1273 1376 1331 tri-

161 1364 374 1423 bunum
404 1360 632 1439 potuiss'e
663 1362 907 1440 reperiri,
935 1359 1035 1418 nifi
1062 1362 1152 1419 cui
1176 1380 1247 1417 ne
1269 1357 1377 1418 effe

159 1447 382 1528 quidem
394 1446 622 1507 licuisset
637 1446 979 1508 tribun0.sed
990 1447 1081 1507 ille
1094 1468 1231 1527 quas
1239 1445 1373 1507 stra·-

159 1556 264 1613 ges
276 1534 474 1594 edidit?
499 1554 590 1594 eas
607 1535 887 1611 videlicet,
911 1556 1049 1616 quas
1066 1532 1177 1594 fine
1196 1536 1371 1593 ratio-

159 1644 258 1695 ne,
277 1643 342 1682 ac
355 1620 466 1681 fine
490 1622 600 1681 ulla
623 1621 713 1701 spe
735 1624 885 1681 bona
906 1623 1063 1681 furor
1084 1621 1243 1681 edere
1264 1643 1377 1701 p0-.

159 1710 270 1767 tuit
287 1711 544 1787 :impurae
559 1708 799 1783 belluae,
823 1709 1125 1768 multorum
1154 1710 1375 1769 inflam-

159 1798 342 1857 matur}
358 1794 660 1855 furoribus,
687 1799 1043 1875 quamobrem
1059 1798 1121 1853 in
1138 1795 1231 1854 ista
1248 1798 1374 1873 qui-

161 1882 287 1941 dem
303 1900 362 1939 re
377 1885 728 1941 vehementer
742 1882 941 1959 Syllam
958 1884 1136 1960 probo
1140 1885 1257 1959 ,qui
1273 1883 1374 1939 tri-

160 1969 330 2026 bunis
361 1966 531 2043 piebis
566 1966 656 2027 sua
685 1969 802 2045 lege
831 1967 1066 2045 injuriae
1095 1967 1378 2026 faciendae

161 2052 488 2133 potestatem
503 2052 785 2126 a‘demerit,
807 2054 1001 2113 auxilii
1017 2053 1227 2113 ferendi
1245 2054 1377 2111 reli-.

163 2140 380 2218 queritz
408 2139 835 2217 Pompeiumque
866 2139 1111 2199 nostrum
1144 2143 1373 2199 caeteris

163 2227 328 2285 rebus
344 2225 626 2298 omnibu8‚
652 2222 857 2304 semper
878 2226 1209 2305 ampliffimis
1226 2224 1367 2285 sum-

162 2310 374 2390 misque
389 2308 558 2369 effero
571 2310 819 2369 laudibus
835 2335 853 2384 3
880 2313 947 2371 de
962 2314 1249 2374 tribunitia
1267 2334 1373 2392 po·-

166 2397 542 2459 testatetacem
593 2417 696 2456 nec
719 2400 867 2455 enim
892 2398 1283 2478 reprehendere
1305 2398 1373 2456 li-

90 2516 148 2550 10
164 2487 280 2563 bet,
301 2505 406 2547 nec
419 2482 638 2545 laudare
653 2482 889 2629 prgffum.
936 2492 1041 2546 MA
1054 2505 1095 2545 ιι
1108 2506 1139 2545 c
1152 2505 1190 2545 u
1208 2505 1258 2544 s.
1282 2486 1377 2544 vi-

793 2588 824 2649 3
