1684 3084
410 200 496 276 726
617 202 736 264 m:
767 201 983 260 ΝΑΤ.
1020 189 1412 260 DEORUM

401 297 855 362 demonstrantur
867 296 1120 359 deorum.
1144 311 1335 358 utrum
1353 300 1543 376 igitur
1556 299 1641 360 hic·

409 383 754 454 confirmafle
769 385 1097 463 religionem
1110 381 1358 462 videtur,
1382 407 1463 446 an
1478 389 1640 466 peni·

409 490 506 536 tus
529 489 706 535 totam
737 469 1033 532 sustulisse?
1080 473 1287 532 omitto
1316 471 1641 533 Eleufinam

411 559 653 624 sanciam
668 557 822 620 illam
837 574 895 618 et
908 555 1211 637 augustam,

456 649 569 708 Ubi
587 647 883 708 initiantur
896 660 1093 724 gentes
1120 665 1345 706 orarum
1368 645 1624 715 ultimae.

413 749 697 820 praetereo
714 733 1166 810 Samothraciam,
1182 751 1384 812 eaque,
1407 752 1561 814 qnae

458 821 662 885 Lemni
675 824 957 881 nocturno
966 819 1119 880 aditu
1134 819 1355 880 occulta
1371 817 1640 882 coluntur

459 905 804 970 silvestribus
821 905 1038 986 sepibus
1060 904 1250 968 densa.

417 997 624 1080 quibus
646 992 935 1076 explicatis
960 992 1031 1054 ad
1060 993 1450 1074 rationemque
1480 1015 1639 1056 revo-

419 1085 583 1160 catis,
620 1101 800 1142 rerum
821 1081 998 1162 magis
1029 1096 1229 1141 natura
1256 1080 1641 1162 cognoscitur,

405 1190 592 1253 ,quam
603 1168 857 1230 deorum.
942 1169 1087 1230 Mihi
1100 1166 1324 1248 quIdern
1338 1171 1519 1230 etiam
1532 1177 1641 1231 De·
1659 1187 1684 1239 4

420 1258 719 1333 mocritus,
753 1257 847 1317 vir
875 1275 1108 1336 magnus
1129 1256 1189 1316 in
1220 1255 1443 1336 primis,
1484 1258 1641 1336 cujus

401 1336 680 1408 'fontibus
703 1345 977 1424 Epicurus
1008 1341 1265 1404 hortulos
1295 1339 1429 1404 suos
1450 1344 1643 1425 irriga-

423 1433 536 1510 vit,
581 1446 778 1492 nutare
805 1429 1027 1491 videtur
1062 1430 1125 1490 in
1158 1444 1357 1490 natura
1386 1429 1642 1493 deorum.

427 1533 549 1581 tum
591 1519 744 1580 enim
791 1515 982 1578 censet
1030 1517 1299 1595 imagines
1344 1515 1645 1581 divinitate

410 1603 712 1691 ,praeditas
734 1602 901 1666 inesse
920 1601 1259 1664 univerfitati
1274 1623 1462 1676 rerum
1484 1628 1503 1666 ε
1532 1622 1643 1667 tum

427 1692 723 1776 principia,
733 1689 1219 1771 mentesque,quae
1233 1689 1360 1752 sunt
1374 1693 1438 1752 in
1454 1693 1649 1755 eodem

423 1777 716 1855 universo,
738 1778 881 1840 deos
892 1776 995 1838 effe
1008 1777 1145 1840 dicit
1157 1800 1175 1837 ε
1201 1794 1321 1840 turn
1336 1782 1648 1842 animantes

432 1866 705 1946 imagines
709 1909 730 1944 ,
745 1886 887 1947 quae
902 1863 991 1935 vel
997 1863 1253 1956 prode-sse
1268 1865 1437 1928 nobis
1447 1865 1650 1946 solent,

429 1953 528 2028 ‚zel
549 1974 782 2033 nocere:
809 1969 931 2022 tum
953 1952 1211 2032 ingentes
1232 1951 1498 2034 quasdam
1516 1958 1648 2017 ima-

436 2042 619 2120 gines,
643 2037 951 2132 tantasque,
972 2037 1364 2107 utuniversum
1378 2043 1649 2104 mundum

415 2124 876 2210 'complectamur
889 2124 1249 2191 exn-insecus.
1268 2147 1412 2208 quae
1428 2130 1649 2209 quidem

436 2215 632 2277 omnia
644 2209 772 2274 sunt
786 2214 968 2296 patriai
990 2215 1323 2291 Democriti,
1351 2234 1525 2295 quam
1540 2219 1649 2278 De·

439 2303 682 2364 mocrito
713 2299 993 2380 digniora.
1039 2302 1167 2382 quis
1190 2302 1341 2362 enim
1363 2301 1492 2364 istas
1517 2305 1649 2365 ima·

438 2388 599 2468 gines
615 2385 1082 2471 comprehendere
1096 2388 1287 2456 animo
1301 2387 1511 2471 potest?
1527 2393 1648 2474 quis

440 2471 739 2537 admirari?
778 2475 906 2558 quis
938 2491 1035 2537 aut
1062 2473 1238 2554 cultu,
1258 2490 1356 2536 aut
1383 2475 1651 2557 religione

439 2559 640 2648 dignas
651 2559 936 2645 judicate-³
979 2562 1255 2646 Epicurus
1275 2583 1417 2630 vero
1434 2583 1511 2631 ex
1528 2565 1646 2630 ani·
