1684 3084
358 188 633 245 LIBER
674 186 1034 245 PRIMUS.
1239 202 1320 263 49

48 290 309 353 deatur.
336 287 415 345 in
432 281 777 363 Naufiphane
790 282 1148 343 Democriteo
1163 296 1322 343 tene·

50 396 165 439 tur
184 399 209 437 z
244 390 441 453 quem
456 392 583 430 eum
602 392 635 429 a
648 368 701 428 se
730 390 852 429 non
875 386 1040 447 neget
1053 368 1324 443 auditum,

48 477 269 526 vexat
284 476 499 517 tamen
512 458 770 515 omnibus
784 454 1156 515 contumeliis.
1171 458 1328 535 atqui

48 551 99 612 fi
114 554 291 609 haec
308 544 679 603 Democritea
692 563 809 601 non
826 540 1218 621 audiffetfluid
1229 562 1326 601 au·

48 632 311 697 dierat?
342 626 489 706 quid
502 627 575 687 est
588 630 649 687 in
660 626 898 709 phyficis
913 628 1142 708 Epicuri
1157 648 1280 689 non
1293 650 1330 691 a

52 715 476 785 Democrito?
495 736 619 775 nam
634 714 729 775 etfi
742 713 1006 794 quaedam
1019 731 1326 777 commnta-

52 812 187 883 vit‚
218 820 321 878 ut,
350 801 513 881 quod
532 801 695 881 paulo
718 817 850 861 ante
869 801 938 861 de
957 802 1324 865 inclinatione

52 909 435 957 atomorum
448 887 595 962 dixi;
576 905 797 947 ‘eumen
810 889 1070 969 pleraque
1081 888 1218 949 dicit
1229 910 1322 949 ee·

54 984 267 1053 dem5
316 991 575 1051 atomos,
601 976 791 1049 hane,
816 975 1110 1051 imagines,
1135 974 1326 1035 infini-

59 1084 277 1132 tatem
312 1062 609 1135 locorum,
658 1060 1324 1163 innumerabilitatemque
1445 1120 1456 1129 ,

58 1148 479 1221 mundorum,
498 1168 691 1207 eorum
704 1162 864 1207 ortus
867 1148 1184 1224 ,intes-itus,
1199 1168 1328 1209 om·

61 1244 185 1302 nia
202 1237 339 1297 fere
344 1235 569 1312 ,quibus
583 1249 809 1293 naturae
824 1236 966 1291 ratio
981 1236 1321 1297 continetur.

66 1345 263 1389 nunc
296 1318 445 1381 istud
474 1317 623 1398 quafi
644 1339 850 1397 corpus
871 1336 928 1379 et
947 1318 1096 1397 quali
1109 1318 1326 1398 sangui.

72 1433 263 1485 nem,
288 1405 435 1487 quid
462 1406 765 1483 intelligis?
794 1425 902 1483 ego
931 1406 1080 1465 enim
1108 1402 1244 1465 stite
1272 1422 1330 1467 te

74 1499 193 1561 ista
212 1494 450 1567 melius,
473 1512 639 1571 quam
658 1514 771 1568 me,
790 1514 913 1553 non
933 1492 1114 1553 fiteor
1129 1490 1326 1569 lolam,

76 1584 193 1647 sed
212 1582 397 1643 etiam
414 1578 569 1639 facile
585 1582 787 1659 patior.
790 1600 916 1639 cum
931 1580 1152 1660 quidem
1167 1578 1328 1639 semel

76 1673 261 1732 di&
282 1666 441 1738 sunt,
462 1665 594 1743 quid
608 1664 705 1739 est,
728 1666 882 1745 quod
896 1665 1140 1725 Velleius
1159 1665 1328 1725 intel-

78 1761 285 1835 ligere
297 1752 479 1833 poffit,
483 1758 651 1811 Cotta
662 1771 782 1811 non
796 1750 1013 1832 poffit?
995 1768 1182 1832 itaque
1193 1774 1324 1815 cor-

80 1862 213 1925 pus
258 1838 401 1919 quid
421 1834 507 1914 fit,
524 1836 749 1915 sanguis
770 1838 906 1921 quid
927 1836 1014 1913 fit,
1033 1838 1322 1918 intelligo.

86 1925 267 2010 quafi
294 1945 523 2004 corpus„
546 1940 601 1985 et
630 1923 778 2003 quali
805 1923 1051 2003 sanguis,
1071 1925 1206 2004 quid
1237 1925 1326 2003 fit,

90 2012 273 2077 nullo
298 2009 523 2090 prorsus
546 2011 718 2072 modo
720 2011 1012 2089 intelligo·
1057 2031 1238 2091 neque
1259 2028 1326 2075 tu

92 2120 200 2165 me
218 2096 392 2171 celus,
406 2113 471 2155 ut
486 2101 825 2175 Pythagoras
844 2096 1052 2157 solebat
1071 2098 1320 2162 alienos·

92 2208 218 2247 -nec
230 2182 489 2244 consulto
498 2184 634 2244 dicis
642 2185 858 2250 occulte
859 2200 1144 2263 ,tanquam
1153 2191 1328 2247 Hera-

94 2273 307 2333 clitus·
321 2268 618 2349 sed(qu0d
602 2286 748 2329 mter
762 2290 872 2329 nos
881 2270 1108 2345 licet)ne
1123 2288 1182 2330 tu
1199 2275 1323 2353 qui-

14 2394 77 2441 7
94 2358 243 2419 dem
256 2355 547 2433 intelligis.
652 2355 795 2415 Illud
809 2355 976 2415 video
989 2378 1232 2436 pugnare
1245 2376 1322 2435 te,

104 2443 322 2524 species
337 2458 403 2501 ut
416 2440 687 2521 quaedam
700 2440 764 2501 fit
778 2441 1010 2503 deorum
1013 2463 1172 2519 ,quae
1187 2446 1330 2505 nihil

106 2530 371 2593 concreti
378 2528 737 2605 habeatpihil
752 2526 1074 2603 solid1‚mlnl
1085 2526 1336 2605 expteffi,
