1684 3084
389 119 425 165 2
686 104 817 164 DE
863 107 1318 165 LEGIBUS

422 207 690 270 canescet
701 207 859 270 ‚seclis
877 205 1405 268 innumerabilibus.

372 293 475 356 nifi
502 294 649 356 forte
678 298 930 356 Athenae
957 307 1083 352 tuae
1113 288 1516 374 sempiternam
1545 300 1603 358 in

372 401 500 442 arce
515 381 692 442 oleam
715 395 906 441 tenere
927 394 1268 460 potuerunt3
1296 396 1420 456 aut,
1443 385 1605 463 quod

373 471 703 530 Homericus
714 466 930 547 Ulysses
939 465 1068 525 Deli
1083 463 1135 524 fe
1147 485 1512 544 procel-amet
1526 486 1604 530 te-

374 575 563 615 neram
574 555 812 637 palmam
833 551 1025 620 vidiffe
1047 552 1214 636 dixit,
1235 554 1410 614 hodie
1431 575 1600 616 mon-

370 639 545 703 strant
558 641 809 705 eandem:
822 639 1103 720 multaque
1118 637 1225 697 alia
1239 639 1436 700 multis
1451 641 1596 703 locis

368 727 579 788 diutius
594 726 1124 788 commemoratione
1141 743 1398 802 manent,
1421 748 1596 806 quam

370 829 572 874 natura
586 812 723 874 stare
736 827 1064 894 potuerunt.
1095 831 1265 892 quare
1280 811 1594 889 glandifera

370 897 468 958 illa
488 919 746 979 quercus,
766 920 841 961 ex
853 919 964 980 qua
978 898 1114 958 olim
1135 897 1384 959 evolavit

416 987 633 1046 Nuntia
646 985 797 1048 fulva
811 983 1250 1063 Jovis‚miranda
1263 983 1380 1044 visa
1393 983 1590 1064 figura,

372 1093 527 1134 nunc
554 1071 623 1132 fit
648 1078 803 1134 haec.
853 1069 944 1131 sed
973 1091 1101 1132 eum
1131 1091 1251 1130 eam
1273 1072 1590 1152 tempestas,

372 1157 673 1220 vetustasve
700 1155 1120 1238 consumpserit,
1139 1172 1330 1216 tamen
1363 1161 1478 1217 erit
1502 1161 1588 1218 his

372 1246 435 1304 in
448 1243 589 1306 locis
612 1263 871 1324 quereuS,
895 1263 1066 1322 quam
1087 1245 1402 1302 Marianam
1424 1262 1590 1322 quer-

374 1351 504 1394 cum
518 1345 745 1391 vocent.
792 1334 891 1389 AT
903 1349 940 1388 τ
953 1350 972 1389 1
985 1348 1018 1390 c
1030 1349 1071 1389 u
1083 1349 1110 1389 s
1121 1371 1136 1388 .
1161 1347 1284 1390 non
1307 1327 1512 1390 dubito
1533 1329 1591 1390 id

372 1415 625 1496 quidemz
648 1414 737 1478 sed
756 1417 868 1476 hoc
881 1417 1002 1494 jam
1019 1435 1140 1476 non
1161 1433 1237 1474 ex
1249 1431 1328 1492 te,
1351 1417 1587 1493 Quinte,

374 1523 605 1582 quaero,
632 1521 824 1562 verum
838 1521 912 1561 ex
924 1500 1046 1582 ipso
1059 1503 1229 1581 poie‘ta
1241 1524 1261 1576 3
1289 1503 1452 1562 tuine
1465 1524 1592 1564 ver-

373 1587 468 1650 sus⁴
478 1592 624 1650 hanc
639 1608 902 1669 quercum
914 1585 1175 1664 severint,
1199 1609 1273 1647 an
1287 1590 1372 1648 ita
1381 1583 1592 1650 saelum

374 1673 444 1736 de
456 1679 729 1750 Mario,ut
740 1673 1315 1753 stribisfioceperiz?M
1323 1697 1360 1735 A
1373 1695 1414 1736 a
1431 1696 1470 1737 c
1481 1697 1524 1737 u
1537 1697 1592 1739 s.

372 1759 712 1840 respondebo
726 1763 837 1822 tibi·
855 1760 1130 1841 equidem,
1167 1759 1260 1821 sed
1275 1780 1404 1821 non
1435 1779 1596 1839 ante,

372 1865 541 1928 quam
570 1841 713 1910 mihi
738 1863 801 1907 tu
836 1846 949 1928 ipse
995 1845 1344 1928 responderis
1361 1891 1386 1924 ,
1433 1852 1595 1913 Atti·
1655 1870 1660 1874 ·

372 1953 469 1998 ee:
506 1949 749 2012 certene,
786 1939 909 1996 non
943 1933 1112 2012 longe
1141 1955 1175 1993 a
1203 1935 1319 1994 tuis
1355 1935 1596 1997 aedibus

370 2021 739 2098 inambulans,
762 2020 884 2104 post
901 2019 1174 2082 exeeffum
1195 2019 1350 2080 suum
1367 2027 1593 2085 Romu-

369 2107 457 2168 lus
472 2107 709 2168 Proculo
723 2107 876 2185 Julio
890 2107 1115 2184 dixerit,
1131 2106 1184 2168 se
1197 2107 1362 2168 deum
1377 2107 1509 2187 effie,
1529 2125 1593 2172 et

372 2195 671 2272 Quirinum
690 2198 902 2270 vocari,
923 2196 1302 2276 templumque
1315 2193 1415 2255 fibi
1431 2195 1591 2256 dedi-

367 2283 485 2342 cari
512 2283 577 2342 in
600 2302 670 2341 eo
699 2282 829 2342 loco
850 2280 1092 2361 jusserit?
1115 2297 1174 2342 et
1201 2281 1480 2342 verumne
1498 2282 1596 2359 fit,

368 2369 633 2440 Athenis,
652 2388 773 2426 non
794 2368 964 2446 longe
993 2370 1124 2427 item
1146 2387 1180 2427 a
1199 2383 1298 2427 tua
1317 2366 1414 2426 illa
1434 2371 1584 2428 anti·

362 2465 479 2530 qua
492 2448 685 2528 domo,
708 2453 1017 2534 Orithyiam
1039 2453 1251 2542 Aquilo
1273 2451 1580 2522 sustulerit?
