1684 3084
338 101 463 166 180
536 105 656 161 DE
688 103 905 161 NAT.
939 103 1328 162 DEORUM

332 221 445 281 que
454 200 645 261 odium
656 201 718 259 in
724 215 992 274 externos
997 214 1074 274 ,et
1081 214 1196 260 tam
1207 201 1593 262 incredibilis

334 288 405 348 ad
418 286 854 365 investigandum
873 285 1134 364 sagacitas
1152 290 1392 348 narium
1401 333 1426 364 ,
1455 305 1592 350 tan-

336 389 397 436 ta
412 376 659 436 alacritas
670 378 731 433 in
738 373 1162 454 venando,quid
1173 371 1474 453 fignificat
1483 379 1592 436 ali-

340 461 545 541 ud,nifi
558 460 609 521 se
624 461 692 522 ad
701 463 995 522 hominum
1009 459 1588 524 commoditateseffi!

342 549 663 632 generatos?
710 550 850 630 quid'
865 549 935 608 de
945 549 1406 629 bobus'loquar?
1435 571 1584 630 quo-

343 657 465 698 nam
495 634 609 717 ipsa
639 651 793 715 terga
818 635 1102 696 declarant
1132 657 1258 696 non
1291 637 1410 698 effe
1435 637 1490 698 st·
1511 637 1582 697 ad

344 744 493 786 onus
510 723 887 803 accipiendum
909 723 1178 800 figurata:
1203 726 1466 786 cervices
1479 747 1579 786 au·

344 827 459 871 tem
474 825 637 870 natae
652 809 723 870 ad
738 810 940 888 jugum
957 833 972 870 ε
999 825 1120 870 tum
1135 811 1290 870 vires
1305 814 1574 872 humero-

346 916 473 961 rum
490 914 547 957 et
560 897 882 957 latitudines
903 898 972 958 ad
997 913 1182 956 aratra
1195 899 1570 960 extrahenda.

348 987 551 1068 quibus
582 1005 706 1046 cum
734 1000 912 1044 terrae
942 983 1326 1064 subigerentur
1361 982 1573 1046 fiffione

350 1074 655 1153 glebarum,
686 1073 753 1132 ab
774 1071 876 1132 illo
899 1091 1068 1132 aureo
1081 1071 1320 1150 genere,
1349 1089 1424 1132 ut
1437 1075 1569 1154 Ροδ-

350 1177 445 1220 tae
472 1160 799 1240 loquuntur,
827 1161 918 1220 vis
939 1177 1228 1239 nunquam
1251 1159 1372 1220 ulla
1387 1160 1570 1222 affere-

354 1251 539 1310 batur.

398 1342 601 1396 Ferrea
615 1342 733 1395 tum
754 1345 891 1396 vero
912 1333 1098 1416 proles
1119 1349 1324 1442 exorta
1344 1351 1570 1418 repente

486 1422 587 1498 est,

402 1508 655 1589 Ansaque
668 1507 938 1570 funestum
961 1511 1137 1590 prima
1159 1508 1236 1572 est
1249 1509 1566 1576 fabricarier

488 1596 695 1674 ensem,

400 1691 479 1748 Et
506 1683 716 1764 gustare
741 1704 912 1756 manu
941 1683 1150 1748 viuum
1179 1682 1566 1767 domitumque

478 1773 806 1852 juvencum.

358 1874 517 1922 tanta
530 1861 823 1941 putabatur
836 1858 1046 1918 utilitas
1059 1861 1268 1942 percipi
1279 1861 1563 1938 exbobus,

357 1964 625 2010 uteorum
653 1946 950 2009 visceribus
971 1945 1122 2008 vesci
1150 1945 1320 2008 scelus
1338 1949 1560 2008 habere-

358 2052 473 2096 tur.
604 2041 868 2113 Longum
897 2031 973 2094 est
1007 2033 1288 2095 mulorum
1316 2032 1558 2116 persequi
1583 2045 1624 2098 54

358 2125 643 2199 utilitates,
664 2135 719 2181 et
735 2119 1040 2194 asinorum,
1022 2142 1039 2159 ·
1061 2141 1202 2201 quae
1213 2137 1359 2182 certe
1373 2121 1442 2182 ad
1455 2126 1556 2182 ho*

356 2214 567 2272 minum
584 2210 740 2270 usum
753 2223 974 2289 paratae
987 2206 1136 2270 sunt.
1170 2207 1260 2267 sus
1272 2225 1410 2270 vero
1425 2211 1556 2289 quid

354 2299 537 2370 habet,
555 2311 771 2374 praeter
771 2293 990 2354 escam?
1007 2297 1098 2356 cui
1113 2295 1358 2375 quidem,
1372 2316 1442 2354 ne
1454 2317 1551 2376 pu-

356 2379 627 2455 tresceret,
650 2382 894 2440 animam
921 2380 1095 2461 ipsam
1125 2402 1230 2462 pro
1254 2379 1358 2440 sale
1378 2381 1550 2444 datam

354 2465 489 2527 dicit
502 2462 603 2526 effe
625 2463 984 2566 Chrysippus.
1031 2489 1144 2550 qua
1157 2469 1383 2551 pecude,
1403 2471 1551 2551 quod
1660 2499 1661 2564 χ
