1684 3084
398 217 664 274 LIBER
708 187 1049 275 ramus,
1248 217 1329 296 69

120 334 244 380 tum
269 318 490 377 inanem
510 334 753 378 vocant:
776 341 883 380 vos
914 334 1091 378 autem
1122 319 1333 380 adven-

119 422 242 466 tum
250 407 320 482 *in
338 405 621 463 animoset
635 407 930 465 introitum
947 407 1242 483 imaginum
1253 406 1335 466 di-

120 493 341 552 citis.ut
356 491 526 568 igitur
541 498 600 549 T
604 494 734 551 ib.G
744 495 997 552 racchum
1008 513 1134 551 cum
1144 492 1335 552 videor

120 580 555 638 concionantem
579 578 638 636 in
662 577 939 656 Capitolio
955 577 1141 638 videre
1144 577 1233 652 ,de
1249 585 1333 640 Μ.

125 666 368 724 Octavio
377 662 703 722 deferentem
713 663 1079 739 fitellam‚tum
1088 683 1211 724 eum
1221 683 1341 723 mo·

95 788 101 793 ·
125 769 248 812 tum
273 751 443 809 animi
459 749 586 808 dico
603 749 706 810 else
719 754 943 809 inanem
962 775 979 810 ι
1005 767 1065 811 tu
1082 765 1263 810 autem
1280 765 1339 812 et

127 837 369 897 Gracchi
393 851 448 895 et
481 838 697 896 Octavii
727 839 993 916 imagines
1034 856 1339 914 remanere,

126 923 699 1005 quae,inCapitolium
709 944 834 982 cum
848 927 1341 1004 pervenerint,tum

126 1010 194 1070 ad
211 1013 461 1070 animum
477 1029 654 1068 meum
672 1009 881 1068 referan
888 1012 1109 1069 turzhoc
1124 1009 1265 1068 idem
1274 1009 1341 1070 fi-

125 1099 206 1156 eri
223 1100 286 1156 in
305 1097 412 1156 deo
418 1139 437 1171 ,
451 1097 611 1174 cujus
627 1099 814 1156 crebra
829 1095 967 1156 facie
989 1095 1265 1174 pellantur
1280 1117 1339 1155 a-

129 1186 308 1257 nimi,
289 1205 308 1221 ·
333 1203 406 1241 ex
422 1203 538 1262 quo
563 1180 666 1242 effe
687 1185 834 1242 beati
851 1198 1014 1262 atque
1030 1183 1233 1241 aeterni
1250 1184 1341 1240 in-

132 1269 481 1348 telligantur.
498 1267 613 1328 fac
598 1271 863 1346 imagines
878 1265 1201 1348 effe,quibus
1216 1268 1342 1347 pul-

135 1355 327 1418 sentur
343 1356 534 1417 animi.
567 1352 770 1444 species
787 1355 1061 1414 duntaxat
1084 1355 1345 1432 objicitur

137 1442 432 1524 quaedam:
453 1463 586 1502 num
603 1443 767 1502 etiam
785 1461 885 1502 cur
899 1461 961 1501 ea
976 1443 1133 1502 beata
1150 1437 1212 1499 fit
1220 1441 1345 1502 >eur

137 1531 396 1592 aeterna?
425 1549 564 1609 quae
583 1545 766 1589 autem
797 1527 959 1588 istae
944 1529 1209 1604 imagines
1225 1525 1343 1590 ves·

137 1631 281 1693 trae,
327 1631 423 1676 aut
452 1616 630 1675 unde.
617 1617 636 1658 ³
679 1637 712 1675 a
749 1617 1073 1676 Democrito
1108 1616 1344 1674 omnino

135 1707 274 1764 haec
304 1703 549 1764 licentia.
606 1699 694 1762 sed
726 1717 781 1760 et
809 1701 903 1760 ille
937 1697 1293 1780 reprehensus
1314 1719 1348 1760 a

135 1789 334 1854 multis
351 1787 446 1863 est,
471 1809 575 1849 nee
590 1809 694 1848 vos
717 1790 927 1848 exitum
944 1788 1195 1867 reperitis
1216 1810 1231 1845 ε
1255 1802 1348 1846 to·

137 1893 312 1956 taque
325 1895 414 1935 res
429 1875 650 1935 vacillat
663 1892 718 1934 et
741 1875 1033 1935 claudicat.
1067 1893 1197 1932 nam
1214 1871 1349 1953 quid

135 1962 236 2039 est,
247 1961 404 2042 quod
419 1963 600 2020 minus
615 1963 837 2041 probari
852 1961 1033 2040 possit,
1048 1977 1212 2039 quam
1226 1979 1345 2018 om·

139 2051 302 2110 nium
327 2051 385 2107 in
410 2069 497 2107 me
521 2047 758 2108 incidere
781 2049 1069 2126 imagines,
1093 2046 1350 2121 Homeri,

139 2135 492 2210 Archilochi,
531 2133 774 2209 Romuli,
808 2141 1045 2207 Numae,
1072 2136 1349 2211 Pythago·

140 2243 259 2298 rae,
287 2220 556 2296 Platonis,
581 2242 684 2281 nec
699 2241 772 2278 ex
784 2221 989 2293 forma,
1012 2238 1121 2298 qua
1135 2217 1216 2277 illi
1230 2217 1351 2278 fiae·

139 2308 307 2369 runt?
324 2308 610 2386 quomodo
625 2326 756 2407 ergo
772 2306 882 2366 illi?
900 2323 1197 2384 etquorum
1214 2305 1351 2364 ima·

140 2395 334 2476 gines?
362 2397 640 2474 Orpheum
661 2394 885 2472 po’e‘tam
908 2391 1067 2450 docet
1090 2389 1356 2450 Aristotc-

141 2484 223 2542 les
239 2501 530 2560 nunquam
545 2477 778 2553 fuiss'e‚et
791 2481 901 2538 hoc
916 2478 1219 2556 Orphicum
1234 2495 1355 2535 car·

147 2589 282 2630 men
305 2569 638 2648 Pythagorei
673 2565 863 2628 ferunt
891 2561 1173 2641 cujusdam
1202 2557 1357 2620 fuiffe
