1684 3084
426 160 694 218 Lmen
723 159 1067 218 PanmS.
1265 171 1341 232 5⁷

126 262 358 322 nonita
379 259 540 322 valde
561 273 889 333 moventur-3
922 261 1008 320 his
1032 258 1124 319 ille
1146 257 1345 321 clamat

129 351 396 408 omnium
411 347 728 408 mortalium
744 362 955 406 mentes
972 343 1074 405 effe
1086 347 1345 426 perterri-

129 451 249 496 tas.
285 450 376 494 tot
388 433 558 494 millia
571 434 995 508 latrocinantur,
1016 447 1193 491 morte
1209 453 1343 513 pro·

125 520 334 601 pofita.
393 520 486 581 alii
512 515 724 594 omnia,
759 539 901 600 quae
931 517 1177 598 possunt,
1212 518 1344 580 fana

124 608 465 688 compilant.
497 607 686 680 credo,
704 622 798 666 aut
815 605 943 664 illos
960 607 1157 664 mortis
1171 607 1341 666 timor

123 708 328 770 terret,
351 709 445 754 aut
459 697 564 753 hos
580 693 883 770 religionis.
933 689 1044 767 sed,
1068 693 1338 772 quoniam

123 801 255 840 non
285 780 454 839 audes
479 779 635 858 (jam
657 781 805 838 enim
820 799 945 838 cum
960 778 1077 858 ipso
1092 780 1334 859 Epicuro

120 867 362 947 loquar)
372 883 570 944 negare
583 864 686 924 effi:
699 865 854 925 deos:
867 863 1000 944 quid
1016 864 1262 945 est,quod
1277 881 1337 926 tc

120 953 397 1036 impediat
411 968 507 1012 aut
521 950 714 1026 solem,
735 968 830 1011 aut
845 952 1034 1010 lunam
1037 966 1155 1027 ,aut
1169 971 1335 1011 mun-

114 1039 282 1116 dum,
316 1054 413 1099 aut
435 1053 676 1098 mentem
691 1039 933 1118 aliquam
950 1035 1334 1119 sempiternam

117 1129 182 1186 in
201 1127 441 1187 deorum
456 1140 652 1186 natura
674 1125 915 1206 ponere?
942 1145 1227 1204 nunquam
1242 1125 1331 1184 vi-

115 1214 207 1289 di,
237 1215 453 1293 inquiS,
481 1213 720 1272 animam
749 1213 983 1270 rationis
1012 1210 1335 1290 confiliique

117 1302 452 1382 participem
475 1301 534 1358 in
549 1298 665 1357 ulla
679 1297 801 1373 alia,
827 1296 927 1357 nifi
941 1300 1179 1356 humana
1192 1295 1335 1376 figu-

119 1409 205 1448 ra.
240 1386 411 1468 quid?
435 1384 564 1445 solis
581 1405 716 1444 num
731 1384 1019 1466 quidnam,
1039 1397 1133 1441 aut
1146 1383 1333 1458 lunae,

117 1491 218 1534 aut
233 1477 486 1554 quinque
499 1474 798 1532 errantium
813 1467 1045 1531 siderum
1059 1467 1229 1531 fimile
1242 1471 1337 1530 vi·

115 1559 274 1620 disti?
301 1557 616 1634 sol,duabus
631 1560 795 1617 unius
811 1559 963 1617 orbis
984 1557 1190 1618 ultimis
1206 1577 1336 1636 par*-

116 1649 276 1707 tibus
305 1645 578 1706 definiens
609 1661 824 1705 motum
841 1689 863 1720 ,
905 1642 1090 1703 cursus
1106 1663 1333 1703 annuos

113 1732 540 1810 conficit.hujus
552 1736 692 1792 hanc
707 1730 1081 1790 lustrationem
1091 1729 1333 1808 ejusdem

114 1815 350 1881 incensa
361 1819 530 1879 radiis
546 1817 820 1878 menstruo
835 1817 1007 1898 spatio
1022 1817 1157 1876 luna
1176 1835 1329 1876 com-

115 1908 258 1989 plet.
291 1909 542 1987 quinque
557 1923 736 1966 autem
753 1904 954 1978 stellae,
980 1905 1217 1964 eundem
1232 1924 1331 1963 or-

111 1997 246 2054 bem
267 2008 547 2069 tenentes,
583 1993 718 2053 aliae
747 1993 979 2073 propius
1002 2013 1035 2050 a
1048 1991 1229 2064 terriS,
1262 2011 1327 2049 a·

109 2080 223 2141 {iae
239 2082 508 2140 remotius
512 2083 602 2157 ,ab
617 2077 800 2140 iisdem
823 2078 1135 2160 principiis,
1148 2075 1329 2156 dispa-

117 2169 272 2228 ribus
311 2168 651 2247 temporibus
681 2164 869 2225 eadem
899 2163 1071 2244 spatia
1100 2163 1329 2224 confici·
1357 2175 1367 2190 ·

115 2270 246 2316 unt.
296 2274 432 2313 num
447 2252 584 2333 quid
599 2251 728 2328 tale,
753 2251 1009 2332 Epicure,
1023 2248 1233 2309 vidisti?
1255 2270 1331 2309 ne

116 2340 184 2401 fit
197 2342 372 2419 igitur
387 2337 490 2416 sol,
513 2360 586 2398 ne
606 2339 762 2413 luna,
786 2358 859 2395 ne
879 2336 1088 2396 stellae:
1121 2338 1333 2415 quoni·

117 2445 210 2486 am
226 2426 368 2486 nihil
386 2423 490 2485 effe
503 2423 701 2506 potest,
723 2422 822 2482 nifi
844 2422 995 2503 quod
1020 2425 1325 2500 attigimus„

118 2529 216 2578 ant
227 2511 495 2588 uidimus.
540 2510 714 2594 quid?
739 2509 903 2590 deum
922 2507 1097 2596 ipsum
1120 2528 1344 2574 numne
