1684 3084
375 185 456 244 80
679 184 810 241 DE
856 182 1309 241 LEGIBUS

369 284 599 359 nicales,
613 302 755 365 quae
771 304 804 343 a
817 303 953 343 nece
964 281 1267 363 appellatae
1282 279 1441 358 sunt,
1458 285 1590 365 quin

369 370 670 435 refidentur
683 372 1083 449 mortui‚quam
1096 384 1452 431 caeterorum
1468 392 1593 434 ωε·

367 457 579 523 lestium
593 458 766 538 quieti
781 456 1113 532 dies‚Feriae
1127 457 1591 535 nominarentur,

367 545 474 609 nifi
487 546 726 625 majores
742 563 863 617 coe,
883 544 983 623 qui
1004 564 1078 604 ex
1099 547 1204 603 hac
1216 546 1343 604 vita
1356 544 1590 624 migras·

367 632 514 710 sent,
536 635 598 691 in
623 631 853 691 deorum
874 650 1105 691 numero
1128 629 1233 693 effe
1257 630 1586 695 voluissent.

365 740 463 781 eu
475 722 537 779 in
551 738 648 779 eos
661 718 780 779 dies
796 716 1391 799 conferrejus‚quibus
1406 739 1593 800 neque

362 804 554 889 iplius,
575 824 757 885 neque
785 803 1033 885 publicae
1060 804 1228 865 feriae
1256 804 1369 865 fint
1381 828 1400 866 ε
1443 821 1587 867 tota-

363 914 476 975 que
502 894 671 972 hujus
702 893 849 972 juris
880 890 1207 971 compositio
1237 891 1584 973 pontificalis

363 1000 624 1060 magnam
631 979 953 1058 religionem
962 980 1491 1059 caeremoniamque
1498 979 1587 1039 dc·

363 1069 559 1130 clarat.
606 1086 786 1147 neque
799 1061 1008 1125 necesse
1020 1064 1097 1125 est
1110 1063 1324 1125 edisseri
1340 1087 1379 1124 a
1390 1068 1583 1143 nobis,

361 1174 504 1235 quae
519 1152 647 1213 finis
669 1150 910 1213 funestae
926 1150 1163 1213 familiae
1178 1174 1199 1225 ς
1225 1151 1391 1232 quod
1404 1172 1579 1231 genus

360 1238 607 1301 sacrificii
635 1246 781 1299 Lare
801 1239 1125 1299 vervecibus
1148 1237 1284 1312 fiat3
1312 1238 1577 1319 quemad-

359 1324 590 1388 modum
627 1346 696 1387 οε
731 1325 994 1404 rejectum
1029 1340 1207 1385 terrae
1242 1327 1547 1405 obtegatur
1554 1346 1573 1399 ;

358 1432 607 1494 quaeque
619 1414 682 1473 in
695 1432 866 1493 porca
878 1412 1301 1489 eontractajura
1312 1411 1451 1487 lint3
1466 1432 1575 1493 quo

359 1514 609 1581 tempore
622 1499 849 1579 incipiat
864 1496 1170 1577 sepulcrum
1184 1496 1379 1575 effe‚et
1393 1500 1575 1576 religi-

359 1604 474 1647 one
485 1600 755 1647 teneatur.
804 1600 863 1645 at
876 1586 1013 1644 mihi
1032 1583 1257 1665 quidem
1272 1586 1573 1667 antiquiffi-

355 1692 512 1733 mum
536 1670 842 1753 sepulturae
865 1690 1041 1751 genus
1064 1670 1121 1731 id
1150 1670 1311 1732 finisse
1329 1674 1572 1750 videtur,
1683 1678 1684 1684 ’

351 1776 470 1837 quo
502 1756 648 1838 apud
679 1760 1117 1839 Xenophontem
1156 1763 1341 1837 Cyrus
1372 1763 1567 1821 utitur.

354 1842 603 1904 redditur
625 1846 776 1904 enim
801 1860 978 1904 terrae
1001 1864 1225 1923 empna,
1247 1848 1406 1907 etita
1420 1846 1567 1907 loca-

353 1945 474 1989 tum
505 1952 569 1991 ac
598 1929 778 2006 litum,
803 1929 954 2011 quafi
984 1932 1339 2011 operimento
1370 1934 1565 1994 matris
1678 1992 1680 2024 ¹

350 2015 667 2077 obducitur.
684 2018 989 2097 eodemque
1004 2018 1112 2077 ritu
1127 2019 1191 2077 in
1206 2038 1279 2078 eo
1293 2016 1565 2100 sepulcro,

351 2101 506 2182 quod
530 2103 724 2184 procul
753 2102 822 2163 ad
845 2106 1048 2163 Fontis
1070 2124 1217 2180 arae,
1247 2125 1440 2185 regem
1463 2126 1564 2167 no-

344 2186 516 2250 ‘strum
531 2196 772 2252 Numam
787 2188 1073 2252 conditum
1090 2194 1405 2271 accepimus
1412 2214 1565 2273 :gen-

347 2289 573 2355 temque
595 2276 915 2337 Corneliam
944 2275 1111 2357 usque
1140 2276 1212 2337 ad
1233 2282 1561 2341 memoriam

344 2359 587 2420 nostram
613 2365 718 2422 hac
742 2361 1016 2444 sepultura
1039 2362 1239 2423 scimus
1254 2364 1363 2425 effe
1384 2365 1555 2428 usam.

343 2448 413 2503 C.
436 2447 599 2503 Marii
625 2446 753 2506 fitas
786 2448 1045 2529 reliquias
1077 2450 1224 2532 apud
1256 2456 1556 2531 Anienem,
1672 2460 1674 2536 j

339 2524 572 2608 dissipari
579 2530 731 2609 juffit
743 2534 893 2615 syna
906 2537 1107 2615 victor,
1120 2538 1409 2603 acerbiore
1422 2540 1553 2605 odio
1670 2606 1672 2659 i
