1684 3084
328 154 398 213 18
607 154 736 209 DE
781 154 1233 213 LEGIBUS

318 269 372 311 te
387 249 512 327 effe,
536 267 748 331 praeter
761 254 1067 327 hominem,
1087 252 1295 333 potestj,
1316 256 1547 319 indicat

319 336 502 399 shores
517 360 534 399 a
553 338 708 415 cujus
723 340 838 399 vim
848 342 1045 399 Graeci
1060 357 1303 417 norunt,
1318 364 1543 407 nomen

321 427 556 503 anino
573 446 689 483 non
705 426 925 489 habent.
968 427 1175 487 omitto
1191 434 1540 507 opportuni·-

321 527 460 572 tates
473 508 879 589 habilitatesque
890 509 1087 589 reliqui
1100 516 1383 592 eorporis,
1405 538 1539 576 mo·

323 596 661 667 deratidnem
688 598 869 670 νοεῖς,
904 600 1177 659 orationis
1206 601 1353 675 vim,
1388 622 1555 681 quae,

323 682 748 744 conciliatrixest
762 684 1029 743 humanae
1042 687 1280 747 maxime
1292 685 1553 749 societa-.

325 774 416 831 tis,
458 788 633 847 neque
647 770 794 827 enim
809 770 999 827 omnia
1012 768 1137 830 sunt
1152 773 1321 848 hujus
1336 774 1535 854 dispu-

323 857 548 915 tationis
565 874 628 913 ac
643 855 907 933 temporis,
913 876 927 911 ε
940 870 997 913 et
1009 858 1155 923 hunc,
1168 856 1359 919 locum
1370 859 1535 936 satis,

325 960 388 1003 ut
401 943 537 1001 mihi
551 941 788 1013 videtur,
805 942 867 999 in
883 941 947 1000 iis
962 940 1115 1003 libris
1121 962 1285 1021 ,quos
1299 944 1533 1022 legisti8‚

327 1029 576 1109 expreffit
603 1029 804 1106 Scipio,
864 1047 1017 1088 nunc
1044 1032 1311 1106 quoniam
1342 1035 1531 1094 homi-

325 1137 474 1190 nem,
491 1114 642 1192 quod
656 1113 985 1193 principium
1000 1114 1330 1194 reliquarum
1344 1138 1550 1185 rerum,

329 1200 430 1263 esse
462 1200 662 1275 voluit,
697 1201 981 1276 generavit
1010 1215 1065 1258 et
1092 1205 1321 1266 ornavit
1346 1214 1538 1285 Deus,

325 1286 665 1369 perspicuum
685 1285 750 1345 fit
767 1283 905 1343 illud
924 1284 1025 1356 (ne
1052 1290 1245 1350 omnia
1262 1290 1536 1355 distiti-an·

329 1380 448 1451 tur)
469 1373 637 1454 ipsam
659 1369 828 1453 perse
850 1386 1101 1433 naturam
1129 1375 1355 1454 longius
1388 1400 1527 1457 pro-

326 1462 506 1539 gredi:
533 1478 668 1538 quae
681 1459 847 1517 etiam
858 1457 1011 1517 nullo
1026 1459 1263 1523 docente
1286 1466 1537 1544 prestita«

330 1549 397 1607 ab
411 1549 502 1621 iis,
525 1565 782 1625 quorum,
803 1564 877 1603 ex
897 1547 1071 1625 prima
1084 1563 1139 1605 et
1158 1550 1423 1612 inchoata
1436 1555 1533 1615 in-

329 1634 548 1711 tenigen
555 1634 650 1707 tia,
685 1650 887 1709 genera
913 1635 1201 1709 c'ognovit,
1230 1636 1535 1703 confirmat

329 1718 441 1799 ipsa
455 1740 550 1797 per
565 1716 616 1777 se
629 1719 903 1802 rationem
916 1733 971 1776 et
985 1719 1217 1799 perficit.
1312 1732 1363 1783 A
1374 1746 1413 1785 τ
1426 1747 1463 1787 τ
1472 1748 1531 1789 1-
1554 1754 1603 1789 10

335 1824 367 1865 c
380 1825 416 1865 u
431 1826 456 1865 s
467 1848 482 1863 .
505 1804 582 1861 dii
595 1804 955 1877 immortales,
974 1825 1139 1884 (ματη
1164 1823 1225 1867 tu
1238 1809 1411 1889 longe
1433 1814 1533 1892 ju.

330 1892 404 1949 ris
435 1892 704 1971 principia
731 1890 951 1968 repetis!
994 1907 1159 1971 atque
1192 1897 1292 1972 ita,
1326 1914 1392 1957 ut
1420 1922 1547 1979 ego,

329 1998 448 2039 non
479 1976 650 2037 modo
681 1976 750 2035 ad
779 1976 873 2033 illa
902 1996 1021 2035 non
1050 2000 1364 2060 properem,
1386 2006 1533 2065 quae

327 2062 698 2145 exspe&abmn
713 2084 744 2121 a
765 2077 821 2139 ξε
841 2060 909 2119 de
922 2063 1049 2139 jure
1070 2068 1242 2143 civili,
1265 2068 1357 2129 sed
1371 2070 1553 2134 facile.

330 2152 508 2232 patiar
519 2164 570 2208 te
585 2152 732 2209 hunc
747 2148 891 2207 diem
912 2148 999 2207 vel
1022 2166 1203 2213 totum
1224 2156 1285 2213 in
1302 2155 1407 2217 isto
1424 2157 1537 2219 ser..

329 2258 496 2300 mone
511 2234 847 2296 consumere.
894 2231 1020 2294 sunt
1042 2241 1192 2299 enim
1208 2242 1339 2301 haec
1352 2246 1463 2323 maj
1470 2268 1539 2307 o-

331 2344 414 2399 ra,
435 2323 824 2401 quae-aliorum
844 2319 1001 2382 causa
1014 2322 1232 2402 fortasse
1254 2332 1539 2410 complec-

331 2410 483 2480 teris,
507 2428 672 2485 quam
687 2406 796 2487 ipsa
817 2406 933 2483 ina,
954 2428 1193 2487 quorum
1216 2417 1351 2485 haee
1372 2417 1537 2477 causa

326 2508 738 2576 praeparantur..
768 2500 875 2553 MA
887 2514 925 2555 R
940 2513 973 2555 c
986 2515 1025 2557 U
1038 2518 1063 2559 s
1074 2542 1089 2557 .
1114 2496 1242 2566 suut
1255 2503 1391 2565 haec
1406 2506 1539 2584 qui·-
