1684 3084
407 139 696 200 LIBER
739 141 1192 228 TERTrUS.
1288 157 1410 223 119

200 235 429 319 quidem
458 241 627 300 etiam
664 239 809 318 apud
838 241 1080 319 majores
1103 239 1324 300 nostros
1351 263 1412 302 e-

203 330 321 400 rat)
358 323 449 385 sed
470 328 638 386 etiam
668 325 809 386 facia
840 329 1130 388 hominum
1158 326 1412 388 observa·

202 412 361 486 bant,
392 411 479 470 ad.
500 411 747 493 legesque
766 416 1123 474 revocabant.
1169 417 1304 474 haec
1318 413 1414 474 de·

202 513 299 558 tur
314 518 445 558 cura
460 497 777 559 censoribus
790 521 809 558 z
840 500 1294 579 quandoquidem
1313 521 1414 560 eos

202 585 267 644 in
290 584 567 664 republica
580 584 789 664 semper
810 586 1068 646 volumus
1099 584 1220 646 effe.
1268 585 1415 666 apud

198 668 446 745 eosdem,
488 673 585 749 qui
620 671 932 750 magistratu
967 675 1224 746 abierint,
1247 673 1416 732 edant

200 773 263 816 et
290 774 601 836 exponant,
640 757 781 836 quid
810 760 874 818 in
909 757 1224 836 magistratu
1253 755 1417 835 gem:-

202 845 323 903 rint
342 867 359 903 ε
404 843 583 921 deque
608 845 687 906 iis
723 842 976 904 censores
1013 844 1414 922 praejudicent.

202 932 315 990 hoc
344 932 403 988 in
436 931 669 990 Graecia
702 929 765 990 fit
784 973 802 1003 ,
851 930 1066 1007 publice
1101 925 1414 992 constitutis

202 1014 632 1076 accusatoribus.
690 1017 789 1096 qui
818 1016 1042 1094 quidem
1073 1037 1274 1093 graves
1309 1015 1414 1078 effe

198 1123 327 1166 non
342 1100 685 1182 poss'untfflifi
700 1100 806 1162 fint
828 1102 1156 1165 voluntarii..
1185 1103 1414 1182 quocir-

200 1209 269 1250 αι
297 1189 491 1248 melius
522 1188 617 1262 est,
640 1192 885 1251 rationes
916 1189 1128 1260 referri,
1175 1187 1414 1250 causam·

200 1295 317 1356 que
330 1279 539 1356 exponi
564 1275 928 1340 censoribusz,
941 1279 1210 1354 integram
1226 1291 1412 1340 tamen

200 1361 379 1440 legem
394 1363 697 1424 accusatori
706 1362 1034 1442 judicioque
1049 1361 1272 1422 servari.
1319 1359 1414 1423 sed

201 1447 333 1510 sati-s
342 1451 461 1527 jam
476 1449 807 1530 disputatum
818 1449 896 1510 est
909 1449 976 1508 de
991 1448 1418 1528 magistratibus,

202 1534 307 1596 nifi
322 1535 467 1595 forte
482 1537 619 1616 quid
633 1535 966 1598 desideratis.
1015 1543 1110 1596 Ar
1124 1557 1159 1596 τ
1169 1556 1191 1594 ·1
1204 1555 1238 1596 c
1249 1555 1287 1597 u
1303 1555 1328 1596 s
1338 1577 1354 1594 .
1371 1532 1416 1597 fi

206 1643 317 1681 nos
348 1637 613 1697 tacemus,
650 1623 805 1683 locus
836 1622 949 1702 ipse
983 1643 1090 1681 nos
1121 1620 1411 1697 admonet,

203 1707 340 1787 quid
356 1711 456 1768 tibi
469 1707 534 1768 fit
548 1707 744 1768 deinde
760 1706 1073 1768 dicendum.
1094 1714 1157 1767 M
1167 1729 1248 1768 Ax
1261 1728 1294 1766 c
1305 1727 1344 1768 u
1359 1727 1384 1768 s
1394 1750 1411 1768 .

202 1795 441 1852 mihine?
467 1793 535 1852 de
559 1795 783 1871 judiciis
814 1797 1075 1870 arbitror,
1102 1794 1412 1875 Pomponit

204 1879 263 1940 id
279 1879 355 1940 est
368 1881 519 1940 enim
536 1881 793 1957 junctum
817 1879 1235 1958 magistratibus·
1286 1885 1416 1938 Λτ·

210 1985 283 2025 τι
299 1985 383 2026 cu
399 1987 449 2026 s.
476 1965 640 2046 quid?
682 1966 904 2044 dejure
935 1966 1126 2047 populi
1152 1966 1415 2040 Romani,

196 2053 670 2130 quemadmodum
692 2051 986 2130 instituisti,
1010 2050 1305 2111 dicendum
1327 2051 1417 2108 ni-

206 2138 287 2198 hil
316 2141 506 2216 putas?
534 2145 691 2198 Man
708 2159 861 2198 cus.
885 2137 1022 2218 quid
1051 2136 1279 2197 tandem
1305 2138 1416 2196 hoc

202 2221 338 2284 ioco
366 2225 463 2300 est,
484 2223 640 2305 quod
669 2226 944 2304 requiras?
989 2229 1264 2283 Αττιου
1279 2243 1330 2282 s.
1355 2241 1415 2280 e·

202 2311 384 2386 gone?
412 2311 565 2390 quod
580 2312 829 2389 ignorari
844 2313 916 2369 ab
929 2311 1022 2385 iis,
1044 2311 1218 2388 quiin
1253 2327 1414 2387 repu-

204 2394 347 2454 blica
360 2396 667 2471 versantur,
690 2397 1046 2476 turpiffimum
1061 2410 1220 2475 puto.
1267 2413 1418 2468 nam,

202 2494 274 2542 ,ut
289 2483 463 2544 modo
480 2503 513 2544 a
526 2498 581 2544 te
602 2482 807 2544 dicium
826 2480 925 2558 est,
955 2481 1104 2560 leges
1118 2501 1152 2542 a
1175 2479 1418 2540 librariis
