1684 3084
423 187 688 250 mul-:R
717 193 1059 251 numus,
1256 185 1339 256 '61

128 281 260 349 nou
277 287 448 348 modo
480 290 775 369 Epicurus,
797 304 857 349 et
880 287 1265 367 Metrodorus,
1291 307 1351 353 et

129 378 484 436 Hermachus
515 389 714 435 contra
736 379 1126 454 Pythagoram,
1164 378 1351 440 Plato-

131 481 292 534 nem,
309 461 811 542 Empedoclemque
825 461 1115 538 dixerunt,
1131 461 1219 522 fied
1234 485 1351 524 me·

131 547 400 608 retricula
427 550 592 606 etiam
610 550 913 607 Leontium
934 568 1044 607 con
1052 563 1135 608 tra
1156 553 1349 610 Theo-

135 631 418 714 phrastum
435 631 660 692 scribere
679 631 806 692 ausa
829 633 893 692 fit
908 657 925 692 ε
958 632 1095 694 scito
1118 635 1212 715 illa
1226 639 1353 716 qui-

137 719 268 779 dem
284 716 558 794 sermone,
573 735 630 778 et
645 722 840 781 Attico
852 741 871 778 t
887 719 975 779 sed
991 735 1199 781 tamen.
1226 739 1354 783 tan-

137 821 264 864 tum
296 807 520 886 Epicuri
546 807 744 864 hortus
772 809 965 865 habuit
994 807 1268 867 licentiae!
1297 824 1355 870 et

134 890 329 952 >soletis
344 894 524 971 queri.
575 899 732 950 Zeno
748 892 968 972 quidem
986 895 1149 953 etiam
1165 894 1353 973 litiga-

139 979 260 1038 bat.
310 978 447 1057 quid
479 978 655 1038 dicam
680 979 1009 1038 Albutium?
1034 1000 1165 1040 nam
1178 983 1352 1040 Phae-

143 1065 252 1124 dro
270 1063 411 1122 nihil
423 1064 750 1142 elegantius,
766 1065 907 1124 nihil
920 1068 1243 1126 humanius.
1227 1087 1245 1106 ·
1264 1066 1355 1128 secl

136 1150 584 1212 stomachabatur
596 1148 783 1227 senex,
809 1150 849 1210 fi
864 1149 997 1230 quid
1010 1149 1248 1233 asperius
1266 1152 1354 1214 di-

143 1255 360 1298 xeram.
393 1257 519 1296 eum
536 1239 805 1324 Epicurus
821 1237 1352 1300 contumeliofiss'une

147 1322 498 1384 Aristotelem
519 1325 839 1384 vexaverit·
864 1324 1143 1384 Phaedoni
1158 1331 1355 1386 Socra-

147 1412 264 1471 tico
293 1411 589 1490 turpiffime
617 1409 997 1470 maledixerit.
977 1411 1355 1488 Metrodori,

146 1495 353 1558 sodalis
369 1495 472 1571 sui,
495 1493 742 1573 fian-em,
779 1499 1185 1573 Timocratem,
1224 1500 1357 1580 quia

141 1579 336 1644 nescio
353 1581 563 1663 quidm
578 1583 924 1664 philosophia
939 1583 1357 1662 diffentiret,to·

139 1672 218 1730 tis
234 1669 618 1730 voluminibus
633 1669 969 1730 conciderit·
988 1672 1047 1728 in
1064 1671 1359 1731 Democri-

145 1772 266 1817 tum
286 1752 491 1837 ipsum,
515 1777 679 1836 quem
709 1753 921 1816 secutus
950 1755 1047 1842 est,
1070 1755 1283 1817 fuerit
1266 1779 1357 1818 m·

143 1859 374 1923 gratus·
401 1842 825 1924 Nausiphanem,
850 1843 1160 1922 magistrum
1176 1841 1354 1921 suum,
1428 1835 1441 1862 ⁵

139 1953 184 1990 a
197 1951 320 2012 quo
335 1930 476 1990 nihil
491 1930 891 2006 didicerat,tam
906 1929 1047 1990 male
1064 1931 1355 2007 acceperit.

78 2031 132 2079 34
155 2024 320 2078 Zeno
333 2015 556 2097 quidem
570 2037 690 2076 non
713 2037 811 2076 eos
833 2015 1031 2092 solum,
1056 2017 1154 2096 qui
1169 2029 1287 2076 tum
1302 2035 1361 2076 e-

153 2119 308 2178 rant,
330 2103 757 2183 Apollodorum,
779 2103 1011 2182 Syllum,
1034 2118 1279 2163 caeteros
1294 2101 1361 2164 fi·

151 2194 318 2269 gebat
331 2190 654 2262 malediffi53
673 2187 764 2248 sed
777 2197 1053 2249 Socratem
1070 2186 1257 2268 ipsium
1247 2211 1363 2270 ,pa-

153 2292 370 2338 rentem
407 2273 806 2356 philosophiae,
843 2279 1053 2335 Latino
1082 2278 1254 2335 verbo
1290 2297 1362 2336 u-

153 2380 315 2438 tens,
361 2361 603 2422 scurram
637 2363 884 2421 Atticum
915 2359 1071 2420 fiaiss'e
1102 2361 1357 2424 diceban

155 2447 522 2530 Chrysippum
557 2443 844 2528 nunquam
888 2447 991 2507 nifi
1035 2445 1363 2529 Chefippum

155 2539 484 2600 vocabam:
499 2534 610 2618 ipse
623 2535 788 2618 paulo
805 2549 1084 2616 ante,cum
1100 2549 1368 2618 tanquam
