1684 3084
267 158 390 223 κε
479 161 596 221 DE
625 164 1253 237 miz-‚DEORUM
1650 189 1684 343 ί

257 260 664 327 immortalibus
701 258 805 321 ess'e
841 259 1183 323 consultum.
1232 258 1477 343 sequitur

259 365 422 425 ergo,
444 364 508 407 ut
529 350 740 409 nemini
769 344 1081 410 consultum
1094 345 1184 409 fit.
1326 351 1473 410 Huic
1490 355 1550 399 28
1667 347 1678 422 i

233 431 397 493 .loco
426 430 498 495 fic
531 432 720 495 soletis
749 454 1067 495 occurreret
1112 454 1238 495 non
1268 434 1471 496 idcireo

237 540 390 596 ιιιοιι
423 524 632 603 optime
661 523 825 583 nobis
858 542 891 581 a
913 521 1019 581 diis
1044 518 1149 581 effe
1168 520 1471 603 provisum,

263 608 424 688 quod
439 608 597 668 multi
611 628 801 669 eorum
809 608 1075 669 beneficio
1091 606 1349 688 perverse
1362 624 1475 669 ute·

264 710 496 754 rentur:
521 696 686 755 etiam
707 696 1062 775 patrimoniis
1090 694 1306 755 multos
1336 694 1472 755 male

264 780 351 839 uti
367 802 384 840 ι
409 801 510 840 nec
523 783 600 842 ob
611 801 733 841 eam
747 779 966 842 causam
978 801 1079 841 eos
1093 779 1425 842 beneficium
1444 803 1474 841 ιι

265 867 516 949 patribus
531 867 746 929 nullum
765 870 987 929 habere.
1032 866 1325 948 quisquam
1348 866 1475 948 istnc

265 956 463 1034 negat?
481 970 578 1016 aut
591 975 732 1037 quae
743 954 895 1016 estin
908 953 1213 1017 collatione
1224 954 1325 1015 ista
1334 953 1476 1017 fimi·

163 1064 172 1073 ·
263 1041 481 1107 litudo?
507 1063 608 1103 nec
621 1045 772 1103 enim
787 1042 1017 1105 Herculi
1031 1043 1298 1103 Deianira
1312 1062 1479 1103 noee-

267 1129 544 1203 revomit,
557 1150 683 1189 cum
697 1132 750 1189 ei
763 1128 1033 1205 tunicam,
1047 1126 1319 1207 sanguine
1332 1134 1476 1189 Cen·

267 1217 416 1277 tauri
444 1218 696 1295 tinctam,
717 1216 901 1277 dedit.
928 1236 1030 1277 nec
1062 1214 1313 1297 prodente
1340 1217 1479 1278 Phe·

145 1324 153 1333 ·
267 1322 400 1365 τωο
429 1300 657 1383 Jasoni
639 1324 712 1381 ιε,
741 1305 838 1383 qui
860 1301 1049 1382 gladio
1064 1304 1344 1364 vomicam
1352 1303 1479 1397 ejus
1536 1300 1543 1304 ’

269 1492 424 1539 tant.
467 1478 628 1539 multi
641 1478 812 1555 enim,
833 1478 1003 1539 etiam
1018 1498 1148 1540 eum
1170 1476 1352 1537 obeffe
1364 1476 1482 1537 vel-

269 1564 413 1643 lent,
433 1564 784 1647 profuerunt,
805 1580 865 1625 et
878 1586 1005 1627 cum
1019 1561 1291 1647 prodeffe,
1314 1563 1483 1625 obfu

267 1669 459 1714 erunt.
506 1655 582 1713 ita
597 1672 719 1713 non
731 1652 818 1730 fit,
839 1674 913 1712 ex
926 1673 1016 1729 ee,
1038 1650 1194 1733 quod
1208 1649 1395 1729 datur,
1418 1666 1491 1713 ut

268 1739 535 1803 voluntas
549 1741 794 1821 eju8‚qui
809 1736 1043 1816 dederit,
1058 1754 1339 1821 appareat.
1355 1760 1487 1817 nec,

267 1820 400 1928 fiig,
424 1846 522 1907 qm
533 1829 766 1909 accepit,
791 1829 937 1888 bene
956 1829 1151 1902 utitur,
1178 1823 1396 1887 idcireo
1410 1828 1487 1905 iz,

268 1934 372 1998 qm
351 1914 556 1991 dedit,
571 1917 744 1976 amice
757 1913 929 1975 dedit.
960 1933 1103 1993 quae
1118 1914 1268 1973 enim
1282 1912 1459 1973 11b1do
1462 1958 1485 1991 ,

267 2022 416 2083 quae
427 2004 680 2079 avaritia,
691 2000 845 2083 quod
858 2000 1070 2061 facinus
1084 2016 1181 2060 aut
1197 1997 1487 2080 suscipitur

267 2088 376 2153 nifi
389 2088 614 2151 confilio
630 2105 814 2171 capto,
825 2103 921 2147 aut
934 2084 1046 2149 fine
1058 2088 1234 2149 animi
1248 2102 1411 2147 motu
1424 2104 1487 2149 et

271 2180 641 2259 cogitatione,
661 2176 720 2237 id
747 2174 844 2252 est,
876 2177 1114 2249 ratione,
1156 2172 1473 2255 perficitur.
1456 2176 1489 2218 ³

269 2289 406 2328 nam
433 2268 622 2327 omnis
653 2264 849 2346 opinio
872 2264 1015 2322 ratio
1044 2261 1141 2338 est,
1170 2278 1227 2321 et
1254 2259 1483 2341 quidem

271 2357 422 2417 bona
449 2354 616 2429 ratio,
641 2350 678 2410 fi
707 2370 869 2411 vera.
894 2349 1037 2409 mala
1058 2364 1263 2425 autem,
1288 2346 1329 2407 fi
1349 2345 1483 2408 falsa

270 2440 348 2502 est
377 2441 594 2519 opinio.
641 2436 730 2495 sed
759 2457 792 2495 a
823 2435 930 2496 deo
953 2450 1173 2496 tantum
1202 2436 1481 2495 rationem

269 2528 552 2601 habemus,
572 2522 613 2588 fi
636 2517 808 2586 modo
830 2524 1131 2587 habemus:
1155 2524 1367 2586 bonam
1380 2540 1477 2583 au·

268 1394 508 1473 aperuit,
531 1411 700 1472 quam
720 1389 909 1452 sanare
928 1389 1129 1451 medici
1142 1410 1264 1451 non
1278 1405 1480 1471 potue·
1671 1415 1684 1728 ζ
