1684 3084
1270 138 1295 187 2

150 304 1259 478 DE'L'EGIBUS

293 594 1091 682 .LI·BER‘PR1MUS.

2 898 4 905 Ι
117 821 650 879 T.Pom’omus
686 818 1035 877 Αττιοσε.
1068 820 1157 877 M.
1192 820 1275 877 T.

333 909 634 962 menno·
661 908 737 977 Q.
761 906 1077 963 FRATER.

281 1082 588 1137 Ττιουε.
634 1080 820 1135 Lucus
848 1074 1069 1155 quidem
1101 1074 1227 1153 ille,
1256 1088 1315 1135 et

313 1168 451 1225 haee
478 1164 832 1242 Arpinatium
856 1182 1091 1239 quercus
1114 1160 1311 1240 agnoss

309 1251 479 1323 citur,
499 1244 660 1326 saepe
673 1268 706 1305 a
725 1267 812 1305 me
833 1245 1003 1305 lectus
1026 1250 1087 1307 in
1106 1250 1310 1311 Mario.

99 1331 142 1395 fi
171 1348 366 1394 manet
379 1334 474 1392 ina
501 1351 760 1411 quercus,
781 1336 917 1391 haec
937 1332 1013 1391 est
1031 1332 1313 1412 profeetoz

101 1422 318 1481 etenim
339 1419 414 1479 est
433 1417 564 1477 sane
575 1431 758 1477 vetus.
809 1425 911 1494 Qu
924 1438 943 1477 1
964 1438 1049 1479 NT
1067 1438 1107 1478 u
1120 1438 1171 1480 s.
1198 1440 1314 1480 ma-

102 1523 206 1567 net
222 1526 382 1581 vere,
411 1507 595 1565 Attice
609 1502 812 1579 noster,
833 1520 893 1563 et
906 1502 1111 1585 semper
1125 1526 1313 1565 mane-

102 1594 192 1655 bit
205 1617 228 1668 ;
259 1590 372 1652 sata
383 1589 460 1651 est
471 1594 622 1651 enim
636 1590 887 1667 ingenio.
912 1590 1119 1649 nullius
1133 1605 1317 1651 autem

104 1677 386 1759 agricolae
397 1678 552 1738 cultu
565 1675 724 1756 stirps
739 1690 854 1735 tam
868 1674 963 1735 diu
969 1683 1319 1757 tinrna,quam

105 1768 318 1847 po'e'tae
329 1760 760 1838 versu,senfinari
771 1760 1027 1843 potest.A
1036 1782 1073 1823 ‘r
1082 1782 1121 1823 τ
1133 1784 1153 1824 1
1168 1782 1202 1823 c
1214 1784 1255 1827 υ
1268 1786 1293 1826 s
1303 1810 1320 1829 .

109 1873 234 1933 quo
247 1848 472 1911 tandem
485 1848 654 1911 modo
657 1892 675 1924 ,
704 1850 943 1925 Qainte?
966 1862 1063 1908 aut
1074 1850 1237 1929 quale
1247 1852 1324 1913 est

109 1939 276 2014 istuc,
301 1936 456 2016 quod
469 1938 668 2017 poe‘tae
681 1934 899 1995 serunt?
922 1936 1059 1995 mihi
1072 1937 1221 1997 enim
1234 1939 1323 1998 vi·

112 2026 292 2099 deris,
325 2021 548 2083 fratrem
568 2020 854 2081 {autlando
884 2020 1167 2099 suffragari
1196 2024 1321 2085 tibi.

115 2122 486 2188 Qumrus.
523 2108 588 2168 fit
615 2110 694 2167 ita
723 2106 869 2167 sane.
913 2124 1321 2185 verumtamen,

115 2198 258 2258 dum
287 2198 488 2257 Latine
514 2196 818 2275 loquentur
845 2194 1054 2268 literae,
1091 2214 1327 2271 quercus

118 2286 260 2349 huic
267 2281 398 2342 loco
415 2282 748 2354 nondeerit,
757 2286 899 2357 qu'ae
914 2280 1167 2339 Mariana
1180 2277 1331 2340 dica·

123 2384 220 2429 tur
233 2390 250 2429 ε
277 2388 473 2455 eaque,
493 2382 559 2429 ut
580 2368 658 2429 ait
671 2362 931 2427 Scaevola
944 2364 1013 2426 de
1022 2361 1209 2426 fratris
1222 2367 1331 2427 moi

125 2455 344 2531 Mario,
1178 2452 1185 2463 '
