1684 3084
295 146 585 205 mum<
629 144 1157 204 SECUNDUS.
1272 160 1348 222 55

149 240 296 325 ipsae
337 242 574 304 summae
615 262 800 303 rerum·
834 257 1001 323 atque
1036 242 1353 306 sententiae.

153 340 260 405 Qu
274 352 300 389 ι·
309 348 348 390 n
361 350 398 390 τ
409 350 505 391 υς.
516 334 592 389 ita
607 350 744 391 vero
759 328 965 389 necesse
979 330 1246 409 est.quare
1260 352 1358 389 au-

106 442 134 484 g
149 417 390 477 diamus.
533 424 635 476 MA
649 436 685 477 R
699 438 730 475 c
743 437 782 476 u
797 436 821 477 s
833 460 848 476 .
882 417 901 448 ‘
928 422 1039 475 AD
1056 416 1215 476 divos
1231 416 1361 476 ade-

151 502 177 541 ὅ
201 519 346 563 unto
360 502 520 562 caste.
550 522 582 561 Ρ
597 524 616 561 1
633 520 917 564 ετΑτΕΜ
937 502 1254 563 adhibento.
1286 524 1367 563 o-

153 588 178 623 ‘
208 609 240 649 Ρ
253 609 328 651 Es
348 603 670 649 amovento.
725 608 844 664 φοι
866 586 1017 649 secus
1034 588 1197 664 faxit,
1226 589 1361 649 deus

151 673 177 707 ‘
203 673 318 755 ipse
337 674 552 734 vindex
578 677 704 736 erit.
759 694 1019 735 sEPARA
1035 695 1165 735 ’ΠΜ
1194 694 1365 735 nemo

150 759 177 795 ‘
204 760 424 822 habeffit
438 761 570 820 deos
586 784 601 820 t
625 781 766 821 neve
781 781 963 821 novos
968 804 987 837 ,
1002 760 1093 820 sed
1108 783 1181 821 ne
1196 760 1365 822 adve-

151 846 178 883 ‘
203 868 332 924 nas,
353 846 455 907 nisi
473 846 688 928 publice
711 846 969 922 adscitos»,
993 848 1249 927 privatim
1264 868 1370 907 co·

151 932 180 979 ἕ
202 935 390 995 lunto.
427 954 508 993 co
521 954 562 993 N
576 954 601 995 s
615 954 700 994 τι
713 954 752 993 u
765 954 796 993 c
807 954 844 993 τ
859 954 893 994 Δ
910 956 945 993 a
960 936 1203 1014 patribus
1220 933 1373 994 delu-

151 1019 182 1066 ·‘
204 1024 308 1081 bra
319 1022 582 1087 habento.
623 1042 658 1081 1.
669 1040 708 1079 u
723 1041 754 1079 c
767 1040 804 1079 o
820 1042 847 1081 s
866 1024 925 1078 in
944 1022 1087 1099 agris
1101 1022 1370 1098 habente,

149 1107 180 1153 ·‘
203 1124 262 1167 et
275 1107 449 1167 larum
463 1105 679 1167 sedeam
693 1124 711 1165 1
728 1128 764 1165 τ
775 1127 816 1166 u
830 1127 857 1166 s
876 1107 1109 1166 familiae
1122 1122 1370 1187 patrum-

149 1193 180 1239 ·‘
205 1214 320 1274 que
341 1191 618 1253 servante.
658 1210 831 1253 mvo
848 1216 901 1267 s,
926 1209 1115 1268 eteos,
1139 1196 1233 1272 qui
1251 1214 1368 1252 cae-

153 1280 181 1314 ‘
207 1278 366 1340 lestes
395 1276 600 1360 semper
627 1280 820 1353 habiti,
845 1278 1098 1353 colante,
1122 1295 1178 1339 et
1202 1279 1373 1355 onos,

157 1365 186 1399 ‘
207 1387 354 1446 quos
365 1364 512 1425 endo
521 1364 672 1426 caelo
681 1368 876 1425 merita
888 1364 1375 1440 vocaverint,Her-

155 1452 184 1497 -‘
207 1452 408 1528 culem,
439 1454 719 1526 Liberum,
753 1450 1152 1533 Aesculapium,
1183 1451 1375 1512 Casto·

153 1539 186 1587 -‘
211 1560 354 1614 rem,
383 1538 690 1613 Pollucem,
716 1541 1032 1615 Quirinum.
1086 1560 1121 1599 A
1138 1560 1162 1598 s
1174 1560 1212 1597 τ
1241 1538 1373 1613 olla,

155 1626 185 1673 -‘
213 1641 442 1707 propter
457 1646 597 1710 quae
611 1626 771 1685 datur
784 1626 999 1685 homini
1016 1622 1297 1685 adscensus
1310 1624 1375 1684 in

159 1707 184 1761 -‘
209 1711 446 1787 caelum,
475 1718 747 1787 Mentem,
764 1714 1065 1789 Virtutem,
1088 1714 1375 1788 Pietatem,

161 1798 188 1847 -‘
213 1798 432 1872 Fidem,
461 1819 758 1877 earumque
771 1798 993 1857 laudum
1008 1798 1230 1857 delubra
1244 1796 1386 1855 sun-

162 1882 187 1917 ‘
213 1899 299 1945 ιο.
351 1903 486 1943 Nl-:c
517 1884 632 1943 ulla
657 1885 925 1943 vitiorum
954 1883 1101 1943 sacra
1129 1882 1377 1942 solennia
1467 1942 1471 1945 .

161 1968 188 2019 ·‘
213 1972 487 2031 obeunto.
533 1976 772 2029 FERIIS
783 1970 967 2047 jurgia
983 1984 1309 2045 amovento,
1323 1989 1379 2027 e-

165 2055 190 2089 ‘
214 2055 381 2135 asque
395 2058 456 2115 in
471 2054 688 2115 famulis
693 2098 712 2131 ‚
731 2058 990 2135 operibus
1006 2058 1234 2135 patratis
1238 2097 1258 2129 ,
1276 2060 1375 2114 ha·

165 2141 188 2177 ‘
213 2145 410 2203 bento.
464 2164 484 2201 1
499 2162 534 2201 τ
547 2162 584 2201 Α
598 2162 685 2216 qn
699 2160 732 2199 ε
743 2185 762 2215 ,
785 2158 847 2201 ut
860 2144 937 2199 ita
951 2141 1105 2201 cadat
1120 2143 1181 2201 in
1198 2162 1377 2200 annu-

167 2228 190 2262 ‘
214 2232 266 2289 is
281 2227 654 2301 anfractibus,
684 2225 1006 2307 descriptum
1030 2226 1162 2286 esto.
1214 2246 1378 2288 CER-

167 2314 192 2349 ‘
223 2336 261 2375 'r
273 2336 310 2375 A
323 2335 350 2375 s
363 2334 454 2389 QJJ
465 2332 500 2373 Ε
533 2314 740 2393 fruges,
769 2312 1045 2393 certasque
1074 2314 1266 2371 baccas
1297 2312 1388 2371 st·-

167 2399 194 2453 .‘
215 2399 470 2461 cei-dotes
485 2400 697 2479 publice
719 2399 969 2459 libanto=
994 2401 1100 2457 hoc
1116 2402 1279 2457 certis
1295 2397 1387 2456 sa·-

172 2486 200 2523 ‘
217 2486 460 2564 crificiis,
495 2507 560 2547 ac
589 2484 804 2546 diebus.
875 2506 896 2545 1
910 2495 993 2546 τε
1006 2504 1051 2545 Μ
1066 2504 1153 2560 Qu
1168 2504 1205 2542 Ε
1239 2484 1390 2545 alios.
