1684 3084
393 173 661 240 LIBER
703 183 1180 243 SECUNDUS·
1278 203 1403 264 ¹53

171 282 372 341 tentio
387 283 674 360 gravitatis
689 296 744 340 et
758 267 1091 362 ponderum.
1110 281 1411 364 eademque

171 369 408 428 ratione
431 389 604 444 mare,
635 387 758 428 cum
783 366 941 449 supra
956 384 1159 428 terram
1175 366 1269 446 fit,
1283 391 1401 430 me-

147 449 340 515 dium
357 469 543 514 tamen
561 470 738 514 terrae
753 454 938 515 locum
953 472 1247 534 expetens,
1262 477 1401 517 con-

168 541 448 619 globatur
463 540 708 621 undique
722 541 1097 621 aequabiliter,
1114 563 1297 623 neque
1312 563 1403 603 re·

165 628 397 689 dundat
412 649 656 708 unquam
662 672 682 703 ‚
703 648 887 708 neque
900 627 1222 690 effunditur.
1268 631 1403 691 huic

167 729 368 774 autem
395 717 697 774 continens
721 717 836 789 εὲτ,
870 713 1041 776 fertur
1060 715 1154 775 ine
1175 717 1399 797 quidem

168 799 409 862 levitate
435 799 700 876 sublimis,
747 799 839 861 sed
875 818 1057 862 tamen
1096 805 1157 863 in
1193 815 1397 865 omnes

167 904 364 969 partes
382 886 437 948 se
452 886 564 969 ipse
579 887 783 949 fundit.
830 891 1015 968 itaque
1030 905 1085 948 et
1100 893 1236 950 mari
1252 910 1395 952 con-

167 976 455 1049 tinuam-5,
481 989 538 1034 et
555 976 785 1052 junaus
807 974 905 1052 est,
926 990 985 1034 et
1004 991 1203 1036 natura
1218 977 1399 1038 fertur

167 1060 245 1120 ad
261 1061 504 1121 coelumx
525 1062 684 1138 cujus
699 1064 971 1122 tenuitate
986 1077 1042 1121 et
1057 1064 1237 1123 calore
1254 1079 1395 1123 tem·

163 1164 424 1228 peratus,
465 1147 688 1208 vitalem
725 1164 782 1208 et
804 1147 1105 1220 ,salutarem
1142 1149 1395 1232 spiritum

161 1239 399 1316 praebet
435 1237 831 1296 animantibus.
895 1257 1057 1316 quem
1097 1237 1394 1318 complexa

163 1321 384 1382 summa
399 1343 528 1403 pars
546 1321 708 1397 coeli,
733 1343 873 1402 quae
888 1326 1074 1382 aether
1087 1322 1310 1399 dicitur,
1332 1339 1397 1385 et

163 1407 333 1468 suum
365 1411 569 1468 retinet
598 1409 851 1468 ardorem
880 1424 1124 1487 tenuem,
1153 1424 1211 1470 et
1240 1409 1394 1472 nulla

172 1494 510 1556 admistione
533 1512 880 1573 concretum,
908 1513 966 1556 et
986 1517 1111 1557 cum
1133 1500 1275 1558 a'e'ris
1290 1517 1397 1557 ex-

70 1591 141 1647 46
173 1585 458 1644 txemitate
471 1585 858 1660 conjungitur.
969 1591 1039 1643 In
1054 1587 1271 1644 aethere
1292 1605 1399 1644 au·-

173 1686 292 1730 tem
309 1667 446 1730 astra
473 1670 812 1730 volvuntur.
839 1689 980 1749 quae
993 1668 1047 1729 se
1060 1685 1116 1729 et
1137 1672 1274 1731 nixu
1291 1670 1412 1748 suo·

167 1757 510 1837 conglobata
534 1757 869 1818 continent:
894 1773 951 1818 et
969 1757 1149 1818 forma
1164 1757 1298 1838 ipsa,
1320 1757 1389 1819 fi-

169 1865 440 1925 gut-aque,
465 1841 558 1904 sua
589 1859 869 1903 momenta
894 1843 1212 1906 sustentant.
1259 1844 1395 1906 sunt

170 1935 325 1992 enim
355 1930 626 1992 rotundae
675 1932 876 2010 quibus
905 1929 1125 2007 formis,
1164 1947 1229 1991 ut
1256 1948 1391 1992 ante

172 2015 372 2078 dixiss'e
385 2019 834 2094 videor‚1ninime
851 2021 1042 2079 noceri
1057 2018 1391 2098 potest.sunt

172 2122 357 2166 autem
371 2104 550 2166 stellae
567 2105 766 2165 natur&
779 2107 1075 2166 flammeae.
1124 2109 1389 2186 quocirca

173 2204 375 2269 terrae,
399 2194 593 2267 maris,
615 2211 883 2269 aquarum
903 2195 1202 2272 vaporibus
1224 2192 1387 2252 &lun-

171 2295 268 2339 tur
287 2280 383 2357 iis,
416 2281 514 2359 qui
539 2300 570 2339 a
599 2275 714 2338 sole
733 2297 805 2337 ex
828 2280 973 2356 agris
996 2278 1300 2359 tepefaetiS,
1328 2293 1387 2339 et

172 2387 246 2427 ex
261 2369 424 2447 aquis
439 2368 786 2426 excitantur:
811 2365 1011 2444 quibus
1028 2366 1195 2441 altae,
1216 2385 1388 2426 reno·

172 2469 448 2533 vataeque
464 2451 666 2529 stellae,
690 2466 857 2532 atque
872 2453 1055 2513 omnis
1072 2455 1275 2527 aether,
1299 2473 1407 2510 re·-

172 2539 424 2622 fundunt
437 2537 651 2621 eadem,
671 2553 730 2599 et
757 2537 982 2602 rursum·
993 2541 1219 2602 trahunt
1232 2537 1401 2600 indi.-
