1684 3084
320 175 586 235 LIBER
627 173 1119 253 SECUNDUS.
1211 189 1329 256 ⁸33

123 293 242 356 que
255 273 327 334 ad
336 273 568 356 speciem
583 275 925 355 pulchriores
940 297 959 334 ε
982 274 1265 336 videamus
1278 295 1345 338 u·-

122 378 282 438 trum
295 381 360 420 ea
373 361 604 420 fortuita
617 359 748 436 sint,
761 383 836 420 an
852 382 922 422 eo
936 360 1095 436 statu,
1112 381 1227 440 quo
1240 381 1343 426 co·.

123 453 352 508 haerere
367 448 528 508 nullo
549 447 720 508 modo
742 450 1051 529 potuerint,
1070 446 1173 508 nifi
1186 446 1347 512 sensu

119 535 482 610 moderante,
525 535 824 614 divinaque
866 534 1241 616 providentia.
1298 533 1347 598 fi.

121 643 262 699 ergo
277 622 511 682 meliora
523 619 651 680 sunt
663 643 748 697 ea,
770 641 911 699 quae
933 623 1153 697 natura,
1174 641 1341 701 quam

119 707 220 771 illa
235 729 396 789 quae,
404 724 522 768 arte
542 707 774 788 perfecta
797 709 957 783 sunt;
982 729 1087 768 nec
1106 729 1197 768 ars
1218 708 1337 773 effi-

120 797 202 856 cit
223 795 530 876 quidquam
543 793 654 854 sme
667 797 904 856 ratione:
914 817 987 855 ne
1001 812 1198 856 natura
1210 795 1341 875 qui·

119 882 252 942 dem
268 884 510 942 rationis
521 903 720 963 expers
734 883 812 942 est
823 883 1095 946 habenda.
1118 886 1215 962 qui
1233 884 1337 960 igi·-

123 984 216 1030 tur
227 970 526 1044 convenit,
546 966 762 1046 iignum
775 985 871 1030 aut
882 968 1124 1029 tabulam
1138 972 1341 1049 pititam

121 1077 249 1116 cum
273 1053 612 1135 adspexeris‚
635 1053 770 1118 scire
790 1056 1089 1116 adhibitam
1116 1053 1219 1116 effe
1248 1075 1343 1118 at·-

121 1158 257 1203 tem=
269 1163 514 1222 cumque
527 1142 722 1222 procul
733 1141 949 1203 cursum
962 1143 1175 1221 navigii
1186 1141 1339 1203 vide·

123 1231 223 1307 ris,
247 1251 376 1290 non
400 1229 652 1290 dubitare
677 1230 816 1309 quin
845 1229 905 1291 id
928 1230 1143 1290 ratione
1170 1244 1345 1308 atque

121 1332 242 1377 arte
266 1332 588 1378 moveatur:
613 1331 707 1375 aut
721 1337 849 1376 cum
864 1314 1121 1378 solarium
1133 1315 1225 1378 vel
1240 1313 1343 1376 de·

122 1401 414 1485 scriptum,
437 1419 536 1462 aut
553 1423 626 1464 ex
655 1423 800 1483 aqua
826 1403 1223 1482 contemplere,
1248 1403 1339 1462 in-

123 1490 380 1570 telligere
393 1489 657 1550 declarati
685 1493 851 1550 horas
874 1505 1012 1565 arte,
1034 1509 1155 1549 non
1178 1485 1333 1556 casu:

122 1577 400 1639 mundum
415 1593 621 1653 autem,
639 1578 734 1658 qui
749 1592 804 1636 et
817 1580 916 1637 has
934 1574 1073 1657 ipsas
1090 1591 1259 1652 artes,
1280 1591 1339 1636 et

123 1683 314 1726 earum
341 1662 602 1740 artifices,
627 1679 690 1726 et
705 1667 903 1726 cuneta
924 1662 1339 1744 complestatur,

126 1750 345 1812 confilii
361 1766 419 1811 et
433 1751 666 1812 rationis
689 1748 791 1810 effe
813 1764 1095 1830 expertem
1114 1749 1335 1829 putare?

53 1837 106 1886 ³5
129 1837 298 1916 Quod
321 1835 366 1897 fi
379 1839 440 1898 in
456 1839 756 1916 Scythiam,
785 1852 880 1896 aut
892 1839 955 1896 in
969 1838 1339 1913 Britanniam,

127 1921 414 2006 sphaeram
430 1923 628 2005 aliquis
643 1923 832 1986 tulerit
850 1927 1019 1999 hanc,
1051 1943 1215 2003 quam
1230 1943 1337 1992 nu-

128 2030 224 2091 per
253 2011 541 2072 familiaris
577 2009 760 2072 noster
780 2007 966 2070 effecit
988 2007 1339 2086 Posidonius,

129 2099 284 2178 eujus
316 2097 558 2176 lingulae
585 2095 971 2160 converfiones
998 2095 1148 2156 idem
1170 2096 1337 2156 effici-

130 2200 228 2243 unt
251 2188 315 2243 in
333 2183 468 2260 sole,
489 2200 544 2245 et
559 2187 617 2244 in
633 2184 790 2260 luna,
805 2185 937 2244 etin
954 2185 1203 2262 quinque
1216 2181 1341 2242 stel-

128 2270 198 2340 lis,
207 2273 522 2333 errantibus
527 2315 548 2347 ,
565 2270 718 2351 quod
733 2269 968 2332 efficitur
982 2271 1043 2328 in
1060 2269 1215 2328 coelo
1230 2267 1339 2333 sm,-

129 2357 269 2434 gulis
295 2357 486 2416 diebus
503 2373 558 2416 et
575 2359 830 2418 nofflbus
848 2379 863 2414 ε
890 2357 1015 2434 quis
1031 2354 1341 2416 inula-bar-

10 2459 12 2526 ξ
128 2446 280 2502 barie
295 2443 536 2520 dubitet,
559 2447 697 2524 quin
713 2464 776 2503 ea
790 2439 1101 2522 sphaerafit·
1109 2441 1343 2522 pez-festa

10 2539 12 2560 ²
127 2531 351 2594 ratione
363 2530 397 2604 ‚²-
435 2533 498 2592 hi
526 2547 710 2596 autem
729 2530 987 2604 dubitant
1014 2527 1084 2590 de
1102 2525 1347 2600 mundo,
