1684 3084
310 157 429 236 136
526 155 641 214 DE
674 120 1304 213 NATJDEORUM

288 276 347 318 et
364 274 637 338 tanquam
649 256 1005 315 architessum
1015 257 1160 313 tanti
1177 257 1374 334 operis
1377 269 1546 342 ,tan3

290 347 447 426 tique
470 343 734 402 muneris·
875 348 1046 400 Nunc
1066 357 1251 401 autem
1275 345 1425 402 mihi
1435 345 1538 403 vi·
1567 347 1618 399 3⁶
1671 333 1673 336 ⁴

292 431 495 492 dentur
524 449 597 488 ne
623 426 880 508 suspicari
909 426 1158 508 quidem,
1201 444 1430 509 quanta
1459 427 1534 489 fit

252 561 259 566 -
292 517 679 580 admirabilitas
694 511 1004 575 coelestium
1020 535 1202 573 rerum
1221 531 1400 595 atque
1415 519 1534 578 τέτ-

292 603 558 664 testrium.
584 602 859 682 principio
875 603 1024 660 enim
1041 600 1297 660 terra-fita
1311 603 1384 661 in
1400 625 1530 664 me-

294 690 385 752 dia
396 706 551 770 parte
570 687 787 762 mundi,
812 685 1138 748 circumfusa
1159 688 1420 768 undique
1443 687 1528 752 est

293 779 394 840 ha'c
410 775 691 835 animabili
704 773 1056 854 spirabilique
1070 791 1267 834 natura
1272 778 1392 850 ‚cui
1407 797 1528 836 no·

292 861 507 925 menest
538 865 674 938 Αὲτ,
706 869 978 922 Graecum
995 860 1133 919 illud
1150 862 1407 942 quidem,
1427 862 1524 924 sed

293 965 573 1031 teceptum
590 949 709 1028 jam
734 965 919 1008 tamen
951 945 1048 1007 usu
1081 968 1112 1005 a
1143 947 1350 1007 nostris
1369 973 1386 1008 ε
1415 953 1523 1010 tri-

294 1054 414 1098 tum
442 1035 518 1096 est
548 1038 695 1095 enim
725 1055 829 1115 pro
867 1035 1093 1094 Latino,
1143 1036 1296 1094 hunc
1318 1035 1518 1096 rursus

295 1122 635 1203 ampleffltur
649 1118 945 1181 immensus
963 1123 1270 1199 amhn-,qui
1289 1123 1520 1184 constat

294 1230 369 1270 ex
382 1208 639 1268 altissimis
658 1209 879 1286 ignibus
887 1251 900 1266 .
913 1223 1226 1266 mutuemur
1239 1211 1350 1268 hoc
1365 1230 1520 1288 quo·

297 1316 405 1378 que
440 1298 667 1356 verbum
688 1338 708 1370 ,
770 1293 1093 1372 dicaturque
1137 1310 1249 1353 tam
1298 1301 1520 1357 Aether

297 1386 523 1458 Latine,
560 1403 725 1461 quam
770 1380 976 1441 dicitur
1012 1385 1162 1441 Ab‘r:
1203 1379 1302 1441 etfi
1327 1383 1520 1446 inter-

296 1485 544 1553 pretatur
565 1469 865 1528 Pacuvius:

341 1564 493 1632 Hoc,'
540 1556 691 1636 quod
729 1561 1004 1629 memoro,
1047 1553 1222 1615 nostri
1261 1557 1518 1637 cotlum,

323 1691 340 1702 .
430 1644 584 1704 Graii
596 1644 890 1722 perhibent
903 1645 1139 1703 aethera.

298 1728 447 1814 quafi
462 1751 599 1790 vero
616 1751 735 1788 non
752 1730 955 1788 Graius
975 1732 1083 1788 hoc
1105 1730 1274 1790 dicat.
1321 1745 1388 1789 at
1401 1737 1520 1792 La·

298 1822 417 1880 tine
444 1818 712 1897 loquitur.
760 1814 807 1874 fi·
822 1814 1048 1894 quidem
1071 1839 1179 1876 nos
1211 1837 1332 1877 non
1355 1817 1518 1897 quali

197 1961 209 1964 -
299 1914 509 1970 Graece
520 1905 839 1987 loquentem
855 1901 1158 1965 audiamus.
1181 1903 1344 1964 docet
1361 1903 1520 1968 idem

298 1995 411 2055 allo
422 1995 583 2054 loco·

328 2081 655 2158 Graiugena
670 2077 740 2138 de
763 2077 862 2138 isto
888 2081 1064 2158 aperit
1079 2077 1193 2160 ipsa
1209 2081 1420 2143 oratio,

297 2166 387 2228 sed
404 2167 471 2227 ad
486 2169 702 2245 majora
720 2165 1026 2226 redeamus,
1071 2187 1145 2226 ex
1167 2170 1382 2225 aethere
1403 2168 1512 2244 igi-

297 2270 391 2314 tur
419 2251 849 2312 innumerabiles
873 2254 1118 2312 flammae
1145 2252 1375 2312 siderum
1409 2273 1514 2313 ex-

298 2338 485 2400 fistunt
502 2360 520 2396 ι
552 2357 791 2414 quorum
812 2337 890 2398 est
911 2340 1164 2419 princeps
1188 2338 1294 2414 sol,
1318 2343 1512 2409 omnia

298 2422 577 2492 dariffima
598 2421 719 2480 lnce
742 2422 1091 2498 collustranS,
1121 2425 1511 2504 multis-parti·

298 2510 403 2570 bus
430 2509 635 2586 major,
675 2522 843 2587 atque
873 2510 1132 2592 amplior,
1169 2531 1343 2594 quam
1359 2527 1516 2575 term
