1684 3084
275 147 358 214 86
582 149 715 208 DE
760 148 1215 208 LEGIBUS

275 247 383 310 bun
392 245 823 318 obserebatur3ut
833 245 980 306 finus
989 263 1050 307 et
1061 249 1330 325 greariium
1345 247 1496 327 quali

280 336 473 396 matris
488 348 713 394 mortuo
730 335 1062 392 tribueretur
1075 356 1092 406 ;
1117 331 1294 392 solum
1309 351 1498 394 autem

282 419 532 500 frugibus
559 421 840 499 expiatum
873 435 942 478 ut
971 421 1120 480 vivis
1151 419 1492 480 redderetur.

283 505 647 586 sequebantur
662 505 872 585 epulae,
896 525 1034 584 quas
1057 505 1280 564 inibant
1295 526 1496 584 paren-

286 609 371 653 tes
388 594 641 654 coronati
656 613 673 651 z
692 589 838 670 &pud
857 611 992 670 quas
1007 590 1076 650 de
1089 593 1300 650 mortui
1313 591 1496 669 laude,

284 700 413 740 cum
442 676 575 758 quid
604 678 721 736 veri
742 691 882 749 erat,
920 677 1293 756 praedicatum
1307 700 1326 736 ε
1365 700 1498 738 nam

286 764 505 824 mentiri
520 761 675 824 nefas
690 763 1010 822 habebatur.
1041 784 1104 822 ac
1113 764 1256 839 justa
1269 765 1500 824 confec-

288 865 343 910 ta
362 864 541 909 erant.
588 845 962 929 posteaquam,
994 863 1058 908 ut
1087 847 1272 909 scribit
1303 850 1496 910 Phale-

288 955 442 1013 ῐοιιε,
472 931 781 1014 fiimptuosa
802 933 919 992 fieri
939 933 1135 993 funera
1155 951 1212 994 et
1227 935 1500 996 lamenta·

288 1021 421 1082 bilia
436 1019 972 1102 coepissent,Solonis
989 1019 1106 1097 lege
1121 1019 1332 1082 sublata
1347 1021 1498 1085 sunt.

289 1129 457 1188 quam
486 1107 655 1183 legem
686 1103 889 1164 eisdem
918 1127 1092 1186 prope
1115 1109 1296 1166 verbis
1319 1109 1502 1168 nostri

290 1194 579 1254 decemviri
594 1193 657 1251 in
672 1190 1019 1252 undecimam
1035 1193 1276 1252 tabulam
1299 1195 1500 1272 conje-

290 1293 507 1342 cerunt.
540 1299 669 1338 nam
692 1276 761 1338 de
786 1279 962 1337 tribus
987 1280 1221 1354 riciniis‚
1251 1295 1308 1338 et
1321 1277 1504 1359 plera·

289 1366 531 1444 que-alia
560 1364 781 1424 Solonis
806 1361 963 1424 sunt:
989 1363 1058 1424 de
1079 1365 1337 1425 lamentis
1361 1388 1506 1428 vero

290 1449 537 1598 fxit-lessi}
541 1451 723 1526 verbis
746 1446 898 1594 fiius?
923 1451 942 1482 ‘
965 1450 1220 1596 mfulieres
1241 1472 1508 1598 genashne

296 1575 307 1582 -
334 1559 363 1598 r
436 1557 511 1598 un
536 1557 598 1612 ο,
620 1555 757 1612 neve
806 1555 837 1592 e
881 1557 976 1598 um
1031 1557 1214 1596 unens
1237 1558 1375 1616 ergo
1443 1561 1508 1600 a·

288 1623 309 1656 ‘
332 1626 548 1685 bent0.’
678 1628 767 1682 De
788 1619 1050 1701 sepulcris
1065 1639 1246 1684 autem
1263 1626 1410 1684 nihil
1423 1625 1504 1687 est
1519 1639 1573 1684 26

288 1708 431 1790 apud
453 1709 711 1770 Solonem
740 1709 994 1787 amplius,
1016 1730 1207 1789 quam,
1229 1709 1250 1744 ‘
1269 1731 1344 1770 ne
1367 1715 1503 1791 quis

288 1796 307 1828 ‘
330 1816 393 1856 ea
414 1794 613 1867 deleat,
636 1813 777 1853 neve
798 1795 1038 1856 alienum
1067 1795 1266 1857 inferat
1281 1819 1300 1856 t
1321 1801 1337 1826 ’
1360 1819 1506 1877 poe-

287 1901 467 1961 naque
486 1879 584 1956 est,
606 1881 625 1911 ‘
642 1878 681 1938 fi
698 1882 824 1959 quis
849 1881 1075 1942 bustum’
1093 1881 1252 1954 (nam
1275 1882 1335 1943 id
1357 1901 1506 1963 puto

286 1974 544 2055 appellari
578 1961 826 2050 τύμέον)
855 1974 877 2006 ‘
899 1990 993 2034 aut
1007 1988 1465 2051 monumentum,
1483 1974 1502 2000 ²

284 2067 493 2146 inquit,
517 2065 537 2096 ‘
554 2079 648 2124 aut
672 2066 988 2126 columnam
1010 2064 1258 2140 violarit,
1279 2064 1500 2143 dejece-

284 2154 305 2184 ‘
331 2155 425 2228 rit,
444 2151 708 2230 stegerit.’
752 2150 841 2211 sed
865 2149 985 2230 post
1007 2149 1292 2230 aliquanto
1314 2171 1497 2232 prop-

283 2256 367 2297 ter
396 2243 495 2298 has
522 2237 908 2316 amplitudines
938 2234 1330 2316 sepulcrorum,
1353 2257 1500 2317 quas

282 2328 341 2382 in
364 2325 650 2382 Ceramico
682 2323 956 2397 videmus,
977 2324 1094 2399 lege
1117 2321 1360 2384 faustum
1389 2323 1496 2400 est,

279 2409 301 2438 ‘
323 2427 397 2464 ne
424 2410 547 2484 quis
584 2407 886 2484 sepulcrum
931 2409 1136 2467 faceret
1171 2408 1492 2490 operosiuS,

278 2490 300 2526 ‘
320 2511 485 2567 quam
514 2491 669 2570 quod
699 2492 886 2554 decem
916 2497 1176 2556 homines
1193 2493 1496 2557 effecerint
