1684 3084
408 177 674 236 LIBER
714 172 1138 234 TERTIUS.
1251 191 1372 256 229

156 291 279 338 tem
293 277 585 378 rationem,
608 290 705 336 aut
725 295 847 335 non
877 276 1109 377 bonam,
1131 297 1165 336 a
1187 279 1370 341 nobis.

28 391 49 408 ·
157 385 287 425 non
316 364 488 440 enim,
510 378 575 422 ut
596 363 994 448 patrimonium
1017 363 1370 444 relinquitur,

154 448 237 511 fic
250 452 396 511 ratio
408 450 629 508 homini
642 447 719 508 est
738 443 1010 509 beneficio
1031 449 1260 510 deorum
1275 450 1372 512 da-

155 551 242 598 ta.
288 536 426 618 quid
454 537 603 596 enim
626 537 815 616 potius
845 537 1176 598 hominibus
1193 536 1370 598 dedis-

155 621 304 700 sent,
324 621 409 683 fi·
394 624 465 682 iis
486 642 693 683 nocere
718 621 1052 684 voluiffent?
1077 622 1372 702 injustitiae

158 725 369 785 autem,
393 711 871 790 intemperantiae,
896 709 1210 770 timiditatis
1225 731 1370 790 quae

158 793 367 857 semina
380 795 571 872 essknt,
600 794 640 856 fi
660 799 749 856 his
768 797 926 857 vitiis
941 798 1086 857 ratio
1101 817 1224 858 non
1241 797 1367 859 sub·

62 887 135 936 29
155 881 317 945 esset?
430 882 629 943 Medea
641 882 813 942 modo
828 897 886 941 et
901 889 1104 943 Atreus
1121 905 1365 946 comme-

152 973 517 1034 morabantur
540 990 573 1027 a
596 969 784 1044 nobis,
811 970 1060 1030 heroicae
1081 969 1368 1050 personae,

156 1059 299 1118 inita
315 1054 681 1135 subdustaque
698 1054 936 1130 ratione,
951 1055 1156 1116 nefaria
1171 1055 1368 1120 scelera

148 1139 510 1207 meditantes,
542 1141 706 1222 quid?
723 1141 974 1203 levitates
989 1146 1252 1221 comicae,
1265 1167 1365 1228 pa·

156 1250 357 1291 rumne
371 1227 618 1309 semper'
602 1249 663 1290 m
678 1230 898 1290 ratione
917 1228 1241 1292 versantur?
1267 1253 1366 1312 pa

132 1313 872 1395 rumnesubtiliterdifputat
886 1315 1006 1374 ine
991 1338 1052 1376 m
1061 1319 1362 1380 Eunucho?

596 1401 781 1480 Quid'
764 1402 938 1480 1gitur
949 1401 1178 1464 faciam?

194 1487 463 1571 Exclusit,
486 1503 749 1552 revocata
780 1489 1028 1552 redeam?
1055 1509 1200 1569 non,
1221 1488 1261 1552 fi
1275 1511 1366 1554 me

282 1574 551 1639 obsecret.

146 1662 249 1727 ille
274 1683 415 1724 vero
446 1665 507 1723 in
538 1663 878 1742 Synephebis
907 1660 1362 1728 Academicorum

146 1771 309 1815 more
321 1765 521 1812 contra
535 1768 886 1811 communem
897 1751 1223 1830 opinionem
1239 1773 1362 1815 non

147 1835 365 1899 dubitat
384 1855 629 1919 pugnare
656 1837 896 1913 ratione,
931 1839 1030 1917 qui
1061 1837 1082 1870 ‘
1097 1839 1160 1898 in
1173 1859 1364 1902 amore

28 1982 45 1990 -
147 1923 174 1960 ‘
199 1922 435 2003 summo,
465 1923 783 2005 summaque
810 1923 1006 2006 inopia
1032 1923 1196 1988 suave
1221 1923 1326 1989 effe
1343 1927 1362 1958 ⁹

150 2009 311 2108 dicit,

174 2103 489 2161 Pal-entem
502 2101 699 2161 habere
710 2117 964 2208 avarum,
973 2097 1360 2180 illepidum,

286 2177 489 2248 liberos

196 2272 515 2352 Difficilem,
540 2275 637 2354 qui
653 2287 709 2333 te
723 2292 827 2334 nec
844 2285 1012 2349 amet,
1035 2291 1138 2332 nec
1153 2268 1363 2359 studeat

282 2362 386 2422 tui.

150 2461 319 2525 atque
334 2449 463 2507 huic
493 2446 805 2512 incredibili
831 2442 1134 2512 sententiae
1150 2447 1375 2512 ratiun—

150 2533 309 2598 culas
324 2531 563 2617 suggerit
576 2555 594 2597 ι
620 2565 629 2574 ·
1370 2570 1377 2578 -
