<?xml version="1.0" encoding="UTF-8"?>
<!DOCTYPE html PUBLIC "-//W3C//DTD XHTML 1.0 Transitional//EN"
    "http://www.w3.org/TR/xhtml1/DTD/xhtml1-transitional.dtd">
<html xmlns="http://www.w3.org/1999/xhtml" xml:lang="en" lang="en">
 <head>
  <title>
</title>
<meta http-equiv="Content-Type" content="text/html;charset=utf-8" />
  <meta name='ocr-system' content='tesseract 3.04.00' />
  <meta name='ocr-capabilities' content='ocr_page ocr_carea ocr_par ocr_line ocrx_word'/>
</head>
<body>
  <div class='ocr_page' id='page_1' title='image "./mtulliiciceroni08unkngoog/mtulliiciceroni08unkngoog_0224.png"; bbox 0 0 1684 3084; ppageno 0'>
   <div class='ocr_carea' id='block_1_1' title="bbox 283 164 1607 2625">
    <p class='ocr_par' dir='ltr' id='par_1_1' title="bbox 365 164 1366 247">
     <span class='ocr_line' id='line_1_1' title="bbox 365 164 1366 247; baseline -0.017 -1"><span class='ocrx_word' id='word_1_1' title='bbox 365 198 440 247; x_wconf 66' lang='grc' dir='ltr'>ιι</span> <span class='ocrx_word' id='word_1_2' title='bbox 455 177 492 241; x_wconf 83' lang='grc'><strong>6</strong></span> <span class='ocrx_word' id='word_1_3' title='bbox 579 172 697 239; x_wconf 74' lang='lat' dir='ltr'>DE</span> <span class='ocrx_word' id='word_1_4' title='bbox 725 173 785 234; x_wconf 77' lang='lat' dir='ltr'>N</span> <span class='ocrx_word' id='word_1_5' title='bbox 803 172 949 233; x_wconf 78' lang='lat' dir='ltr'>AT..</span> <span class='ocrx_word' id='word_1_6' title='bbox 974 164 1366 231; x_wconf 72' lang='lat' dir='ltr'>DEORUM</span> 
     </span>
    </p>

    <p class='ocr_par' dir='ltr' id='par_1_2' title="bbox 283 269 1607 1309">
     <span class='ocr_line' id='line_1_2' title="bbox 361 269 1607 353; baseline -0.006 -11"><span class='ocrx_word' id='word_1_7' title='bbox 361 285 450 345; x_wconf 76' lang='lat' dir='ltr'>Lu</span> <span class='ocrx_word' id='word_1_8' title='bbox 455 300 528 339; x_wconf 83' lang='lat' dir='ltr'>na</span> <span class='ocrx_word' id='word_1_9' title='bbox 541 278 642 339; x_wconf 71' lang='lat' dir='ltr'>dea</span> <span class='ocrx_word' id='word_1_10' title='bbox 653 276 758 337; x_wconf 68' lang='lat' dir='ltr'>esta</span> <span class='ocrx_word' id='word_1_11' title='bbox 783 294 919 353; x_wconf 85' lang='lat' dir='ltr'>ergo</span> <span class='ocrx_word' id='word_1_12' title='bbox 934 272 1101 331; x_wconf 80' lang='lat' dir='ltr'>etiam</span> <span class='ocrx_word' id='word_1_13' title='bbox 1127 269 1389 346; x_wconf 85' lang='lat' dir='ltr'>Lucifer,-</span> <span class='ocrx_word' id='word_1_14' title='bbox 1398 286 1607 335; x_wconf 75' lang='lat' dir='ltr'>caete·</span> 
     </span>
     <span class='ocr_line' id='line_1_3' title="bbox 361 357 1607 449; baseline -0.009 -18"><span class='ocrx_word' id='word_1_15' title='bbox 361 388 565 449; x_wconf 77' lang='lat' dir='ltr'>raeque</span> <span class='ocrx_word' id='word_1_16' title='bbox 575 380 844 439; x_wconf 82' lang='lat' dir='ltr'>errantes,</span> <span class='ocrx_word' id='word_1_17' title='bbox 868 379 1161 421; x_wconf 86' lang='lat' dir='ltr'>numerum</span> <span class='ocrx_word' id='word_1_18' title='bbox 1171 357 1412 419; x_wconf 87' lang='lat' dir='ltr'>deorum</span> <span class='ocrx_word' id='word_1_19' title='bbox 1426 361 1607 421; x_wconf 84' lang='lat' dir='ltr'>obti-</span> 
     </span>
     <span class='ocr_line' id='line_1_4' title="bbox 363 449 1604 531; baseline -0.009 -12"><span class='ocrx_word' id='word_1_20' title='bbox 363 458 598 519; x_wconf 83' lang='lat' dir='ltr'>nebunt.</span> <span class='ocrx_word' id='word_1_21' title='bbox 629 454 798 531; x_wconf 84' lang='lat' dir='ltr'>igitur</span> <span class='ocrx_word' id='word_1_22' title='bbox 810 451 975 511; x_wconf 81' lang='lat' dir='ltr'>etiam</span> <span class='ocrx_word' id='word_1_23' title='bbox 998 449 1329 507; x_wconf 76' lang='lat' dir='ltr'>inerrantes.</span> <span class='ocrx_word' id='word_1_24' title='bbox 1362 468 1463 507; x_wconf 83' lang='lat' dir='ltr'>eur</span> <span class='ocrx_word' id='word_1_25' title='bbox 1480 469 1604 509; x_wconf 77' lang='lat' dir='ltr'>au-</span> 
     </span>
     <span class='ocr_line' id='line_1_5' title="bbox 363 534 1597 621; baseline -0.01 -16"><span class='ocrx_word' id='word_1_26' title='bbox 363 560 477 613; x_wconf 82' lang='lat' dir='ltr'>tem</span> <span class='ocrx_word' id='word_1_27' title='bbox 492 544 667 621; x_wconf 80' lang='lat' dir='ltr'>Atqui</span> <span class='ocrx_word' id='word_1_28' title='bbox 682 538 715 599; x_wconf 93' lang='lat' dir='ltr'>s</span> <span class='ocrx_word' id='word_1_29' title='bbox 703 541 885 619; x_wconf 80' lang='lat' dir='ltr'>pecies</span> <span class='ocrx_word' id='word_1_30' title='bbox 902 556 1020 595; x_wconf 86' lang='lat' dir='ltr'>non</span> <span class='ocrx_word' id='word_1_31' title='bbox 1044 537 1107 595; x_wconf 86' lang='lat' dir='ltr'>in</span> <span class='ocrx_word' id='word_1_32' title='bbox 1128 534 1359 595; x_wconf 82' lang='lat' dir='ltr'>deorum</span> <span class='ocrx_word' id='word_1_33' title='bbox 1374 554 1597 595; x_wconf 82' lang='lat' dir='ltr'>nurne-</span> 
     </span>
     <span class='ocr_line' id='line_1_6' title="bbox 363 622 1593 711; baseline -0.008 -18"><span class='ocrx_word' id='word_1_34' title='bbox 363 652 432 693; x_wconf 77' lang='lat' dir='ltr'>ro</span> <span class='ocrx_word' id='word_1_35' title='bbox 447 628 775 711; x_wconf 80' lang='lat' dir='ltr'>reponatur?</span> <span class='ocrx_word' id='word_1_36' title='bbox 807 624 883 683; x_wconf 88' lang='lat' dir='ltr'>est</span> <span class='ocrx_word' id='word_1_37' title='bbox 904 626 1055 683; x_wconf 84' lang='lat' dir='ltr'>enim</span> <span class='ocrx_word' id='word_1_38' title='bbox 1078 622 1329 701; x_wconf 83' lang='lat' dir='ltr'>pulcher,</span> <span class='ocrx_word' id='word_1_39' title='bbox 1350 636 1411 681; x_wconf 92' lang='lat' dir='ltr'>et</span> <span class='ocrx_word' id='word_1_40' title='bbox 1426 624 1509 683; x_wconf 88' lang='lat' dir='ltr'>ob</span> <span class='ocrx_word' id='word_1_41' title='bbox 1522 642 1593 683; x_wconf 85' lang='lat' dir='ltr'>e-</span> 
     </span>
     <span class='ocr_line' id='line_1_7' title="bbox 361 707 1593 791; baseline -0.008 -12"><span class='ocrx_word' id='word_1_42' title='bbox 361 739 450 780; x_wconf 73' lang='lat' dir='ltr'>um</span> <span class='ocrx_word' id='word_1_43' title='bbox 466 713 699 787; x_wconf 81' lang='lat' dir='ltr'>causam,</span> <span class='ocrx_word' id='word_1_44' title='bbox 721 714 855 791; x_wconf 89' lang='lat' dir='ltr'>quia</span> <span class='ocrx_word' id='word_1_45' title='bbox 868 710 1099 791; x_wconf 85' lang='lat' dir='ltr'>speciem</span> <span class='ocrx_word' id='word_1_46' title='bbox 1123 712 1319 769; x_wconf 83' lang='lat' dir='ltr'>habeat</span> <span class='ocrx_word' id='word_1_47' title='bbox 1333 707 1593 769; x_wconf 80' lang='lat' dir='ltr'>admira·</span> 
     </span>
     <span class='ocr_line' id='line_1_8' title="bbox 360 794 1591 876; baseline -0.007 -11"><span class='ocrx_word' id='word_1_48' title='bbox 360 804 909 876; x_wconf 80' lang='lat' dir='ltr'>bilem,Thaumante</span> <span class='ocrx_word' id='word_1_49' title='bbox 924 798 1127 859; x_wconf 85' lang='lat' dir='ltr'>dicitur</span> <span class='ocrx_word' id='word_1_50' title='bbox 1140 794 1245 855; x_wconf 81' lang='lat' dir='ltr'>effe</span> <span class='ocrx_word' id='word_1_51' title='bbox 1258 811 1425 855; x_wconf 78' lang='lat' dir='ltr'>natus</span> <span class='ocrx_word' id='word_1_52' title='bbox 1434 840 1449 856; x_wconf 91' lang='lat'><strong><em>.</em></strong></span> <span class='ocrx_word' id='word_1_53' title='bbox 1474 816 1591 856; x_wconf 79' lang='lat' dir='ltr'>cu·</span> 
     </span>
     <span class='ocr_line' id='line_1_9' title="bbox 283 881 1590 971; baseline -0.007 -19"><span class='ocrx_word' id='word_1_54' title='bbox 283 960 290 968; x_wconf 32' lang='grc' dir='ltr'><strong><em>Ι</em></strong></span> <span class='ocrx_word' id='word_1_55' title='bbox 355 890 452 971; x_wconf 71' lang='lat' dir='ltr'>jus</span> <span class='ocrx_word' id='word_1_56' title='bbox 469 888 508 950; x_wconf 89' lang='lat' dir='ltr'>fi</span> <span class='ocrx_word' id='word_1_57' title='bbox 523 885 716 949; x_wconf 66' lang='lat' dir='ltr'>div‘ina</span> <span class='ocrx_word' id='word_1_58' title='bbox 729 902 927 945; x_wconf 82' lang='lat' dir='ltr'>natura</span> <span class='ocrx_word' id='word_1_59' title='bbox 942 884 1040 958; x_wconf 85' lang='lat' dir='ltr'>est,</span> <span class='ocrx_word' id='word_1_60' title='bbox 1064 883 1205 962; x_wconf 84' lang='lat' dir='ltr'>quid</span> <span class='ocrx_word' id='word_1_61' title='bbox 1222 881 1389 942; x_wconf 84' lang='lat' dir='ltr'>facies</span> <span class='ocrx_word' id='word_1_62' title='bbox 1408 884 1590 945; x_wconf 85' lang='lat' dir='ltr'>nubi·</span> 
     </span>
     <span class='ocr_line' id='line_1_10' title="bbox 359 970 1589 1049; baseline -0.008 -9"><span class='ocrx_word' id='word_1_63' title='bbox 359 980 496 1041; x_wconf 75' lang='lat' dir='ltr'>bus?</span> <span class='ocrx_word' id='word_1_64' title='bbox 529 996 690 1037; x_wconf 77' lang='lat' dir='ltr'>arcus</span> <span class='ocrx_word' id='word_1_65' title='bbox 703 977 853 1035; x_wconf 79' lang='lat' dir='ltr'>enim</span> <span class='ocrx_word' id='word_1_66' title='bbox 868 970 979 1049; x_wconf 88' lang='lat' dir='ltr'>ipse</span> <span class='ocrx_word' id='word_1_67' title='bbox 998 970 1589 1032; x_wconf 65' lang='lat' dir='ltr'>eir-nubibusefficitur</span> 
     </span>
     <span class='ocr_line' id='line_1_11' title="bbox 363 1060 1588 1147; baseline -0.007 -20"><span class='ocrx_word' id='word_1_68' title='bbox 363 1067 606 1147; x_wconf 85' lang='lat' dir='ltr'>quodam</span> <span class='ocrx_word' id='word_1_69' title='bbox 635 1063 808 1123; x_wconf 88' lang='lat' dir='ltr'>modo</span> <span class='ocrx_word' id='word_1_70' title='bbox 821 1060 1141 1121; x_wconf 67' lang='lat' dir='ltr'>coloratus.</span> <span class='ocrx_word' id='word_1_71' title='bbox 1190 1078 1429 1138; x_wconf 81' lang='lat' dir='ltr'>quarum</span> <span class='ocrx_word' id='word_1_72' title='bbox 1460 1080 1588 1119; x_wconf 72' lang='lat' dir='ltr'>una</span> 
     </span>
     <span class='ocr_line' id='line_1_12' title="bbox 360 1144 1587 1227; baseline -0.006 -13"><span class='ocrx_word' id='word_1_73' title='bbox 360 1156 528 1215; x_wconf 78' lang='lat' dir='ltr'>etiam</span> <span class='ocrx_word' id='word_1_74' title='bbox 546 1158 860 1210; x_wconf 86' lang='lat' dir='ltr'>Centauros</span> <span class='ocrx_word' id='word_1_75' title='bbox 877 1144 1136 1227; x_wconf 72' lang='lat' dir='ltr'>peperisse</span> <span class='ocrx_word' id='word_1_76' title='bbox 1151 1145 1377 1207; x_wconf 81' lang='lat' dir='ltr'>dicitur.</span> <span class='ocrx_word' id='word_1_77' title='bbox 1413 1144 1587 1227; x_wconf 80' lang='lat' dir='ltr'>quod</span> 
     </span>
     <span class='ocr_line' id='line_1_13' title="bbox 361 1232 1585 1309; baseline -0.007 -6"><span class='ocrx_word' id='word_1_78' title='bbox 361 1239 404 1303; x_wconf 79' lang='lat' dir='ltr'><strong>fi</strong></span> <span class='ocrx_word' id='word_1_79' title='bbox 417 1242 592 1301; x_wconf 82' lang='lat' dir='ltr'>nubes</span> <span class='ocrx_word' id='word_1_80' title='bbox 607 1237 856 1298; x_wconf 83' lang='lat' dir='ltr'>retuleris</span> <span class='ocrx_word' id='word_1_81' title='bbox 870 1238 933 1294; x_wconf 84' lang='lat' dir='ltr'>in</span> <span class='ocrx_word' id='word_1_82' title='bbox 948 1235 1083 1295; x_wconf 83' lang='lat' dir='ltr'>deos</span> <span class='ocrx_word' id='word_1_83' title='bbox 1089 1232 1439 1309; x_wconf 75' lang='lat' dir='ltr'>,referendae</span> <span class='ocrx_word' id='word_1_84' title='bbox 1454 1254 1585 1294; x_wconf 85' lang='lat' dir='ltr'>cer·</span> 
     </span>
    </p>

    <p class='ocr_par' dir='ltr' id='par_1_3' title="bbox 361 1322 1589 1581">
     <span class='ocr_line' id='line_1_14' title="bbox 363 1322 1587 1406; baseline -0.007 -17"><span class='ocrx_word' id='word_1_85' title='bbox 363 1343 422 1389; x_wconf 85' lang='lat' dir='ltr'>te</span> <span class='ocrx_word' id='word_1_86' title='bbox 435 1342 600 1388; x_wconf 85' lang='lat' dir='ltr'>erunt</span> <span class='ocrx_word' id='word_1_87' title='bbox 613 1323 977 1406; x_wconf 65' lang='lat' dir='ltr'>tempestateS,</span> <span class='ocrx_word' id='word_1_88' title='bbox 986 1344 1139 1401; x_wconf 76' lang='lat' dir='ltr'>‹quae</span> <span class='ocrx_word' id='word_1_89' title='bbox 1155 1322 1347 1402; x_wconf 86' lang='lat' dir='ltr'>populi</span> <span class='ocrx_word' id='word_1_90' title='bbox 1366 1328 1587 1383; x_wconf 81' lang='lat' dir='ltr'>Roma-</span> 
     </span>
     <span class='ocr_line' id='line_1_15' title="bbox 362 1409 1589 1486; baseline -0.005 -11"><span class='ocrx_word' id='word_1_91' title='bbox 362 1418 426 1475; x_wconf 83' lang='lat' dir='ltr'>ni</span> <span class='ocrx_word' id='word_1_92' title='bbox 441 1416 637 1475; x_wconf 73' lang='lat' dir='ltr'>ritibus</span> <span class='ocrx_word' id='word_1_93' title='bbox 653 1411 997 1473; x_wconf 79' lang='lat' dir='ltr'>consecratae</span> <span class='ocrx_word' id='word_1_94' title='bbox 1011 1409 1160 1470; x_wconf 89' lang='lat' dir='ltr'>sunt.</span> <span class='ocrx_word' id='word_1_95' title='bbox 1192 1430 1327 1486; x_wconf 87' lang='lat' dir='ltr'>ergo</span> <span class='ocrx_word' id='word_1_96' title='bbox 1344 1412 1589 1486; x_wconf 50' lang='lat' dir='ltr'>imbres,</span> 
     </span>
     <span class='ocr_line' id='line_1_16' title="bbox 361 1496 1585 1581; baseline -0.005 -18"><span class='ocrx_word' id='word_1_97' title='bbox 361 1503 564 1575; x_wconf 85' lang='lat' dir='ltr'>nimbi,</span> <span class='ocrx_word' id='word_1_98' title='bbox 594 1498 888 1581; x_wconf 82' lang='lat' dir='ltr'>procellae,</span> <span class='ocrx_word' id='word_1_99' title='bbox 918 1499 1189 1574; x_wconf 87' lang='lat' dir='ltr'>turbines,</span> <span class='ocrx_word' id='word_1_100' title='bbox 1220 1496 1297 1557; x_wconf 84' lang='lat' dir='ltr'>dii</span> <span class='ocrx_word' id='word_1_101' title='bbox 1312 1497 1585 1579; x_wconf 84' lang='lat' dir='ltr'>putandi.</span> 
     </span>
    </p>

    <p class='ocr_par' dir='ltr' id='par_1_4' title="bbox 361 1584 1589 1837">
     <span class='ocr_line' id='line_1_17' title="bbox 363 1584 1589 1669; baseline -0.008 -16"><span class='ocrx_word' id='word_1_102' title='bbox 363 1588 537 1653; x_wconf 83' lang='lat' dir='ltr'>nostri</span> <span class='ocrx_word' id='word_1_103' title='bbox 553 1588 774 1669; x_wconf 83' lang='lat' dir='ltr'>quidem</span> <span class='ocrx_word' id='word_1_104' title='bbox 789 1586 981 1659; x_wconf 62' lang='lat' dir='ltr'>duces»,</span> <span class='ocrx_word' id='word_1_105' title='bbox 1002 1605 1152 1645; x_wconf 84' lang='lat' dir='ltr'>mare</span> <span class='ocrx_word' id='word_1_106' title='bbox 1173 1584 1589 1663; x_wconf 73' lang='lat' dir='ltr'>ingredienteS,</span> 
     </span>
     <span class='ocr_line' id='line_1_18' title="bbox 362 1669 1589 1737; baseline -0.005 1"><span class='ocrx_word' id='word_1_107' title='bbox 362 1677 650 1737; x_wconf 86' lang='lat' dir='ltr'>immolare</span> <span class='ocrx_word' id='word_1_108' title='bbox 692 1674 925 1735; x_wconf 85' lang='lat' dir='ltr'>hostiam</span> <span class='ocrx_word' id='word_1_109' title='bbox 970 1675 1225 1733; x_wconf 67' lang='lat' dir='ltr'>fluetibus</span> <span class='ocrx_word' id='word_1_110' title='bbox 1268 1669 1589 1733; x_wconf 84' lang='lat' dir='ltr'>consueve-</span> 
     </span>
     <span class='ocr_line' id='line_1_19' title="bbox 361 1757 1585 1837; baseline -0.004 -13"><span class='ocrx_word' id='word_1_111' title='bbox 361 1779 520 1824; x_wconf 85' lang='lat' dir='ltr'>runt.</span> <span class='ocrx_word' id='word_1_112' title='bbox 567 1779 684 1823; x_wconf 87' lang='lat' dir='ltr'>tum</span> <span class='ocrx_word' id='word_1_113' title='bbox 702 1761 741 1821; x_wconf 84' lang='lat' dir='ltr'><strong>fi</strong></span> <span class='ocrx_word' id='word_1_114' title='bbox 755 1761 829 1821; x_wconf 89' lang='lat' dir='ltr'>est</span> <span class='ocrx_word' id='word_1_115' title='bbox 852 1769 1021 1821; x_wconf 81' lang='lat' dir='ltr'>Ceres</span> <span class='ocrx_word' id='word_1_116' title='bbox 1038 1782 1071 1819; x_wconf 84' lang='lat' dir='ltr'><strong>a</strong></span> <span class='ocrx_word' id='word_1_117' title='bbox 1084 1758 1357 1837; x_wconf 83' lang='lat' dir='ltr'>gerendo,</span> <span class='ocrx_word' id='word_1_118' title='bbox 1382 1757 1496 1829; x_wconf 87' lang='lat' dir='ltr'>(ita</span> <span class='ocrx_word' id='word_1_119' title='bbox 1520 1780 1585 1819; x_wconf 85' lang='lat' dir='ltr'>e-</span> 
     </span>
    </p>

    <p class='ocr_par' dir='ltr' id='par_1_5' title="bbox 361 1846 1583 1928">
     <span class='ocr_line' id='line_1_20' title="bbox 361 1846 1583 1928; baseline -0.003 -17"><span class='ocrx_word' id='word_1_120' title='bbox 361 1852 482 1911; x_wconf 76' lang='lat' dir='ltr'>nim</span> <span class='ocrx_word' id='word_1_121' title='bbox 499 1848 745 1927; x_wconf 80' lang='lat' dir='ltr'>dicebas)</span> <span class='ocrx_word' id='word_1_122' title='bbox 769 1865 916 1909; x_wconf 83' lang='lat' dir='ltr'>terra</span> <span class='ocrx_word' id='word_1_123' title='bbox 931 1847 1045 1928; x_wconf 77' lang='lat' dir='ltr'>ipsa</span> <span class='ocrx_word' id='word_1_124' title='bbox 1064 1848 1165 1907; x_wconf 88' lang='lat' dir='ltr'>dea</span> <span class='ocrx_word' id='word_1_125' title='bbox 1187 1846 1285 1921; x_wconf 89' lang='lat' dir='ltr'>est,</span> <span class='ocrx_word' id='word_1_126' title='bbox 1306 1862 1367 1905; x_wconf 93' lang='lat' dir='ltr'>et</span> <span class='ocrx_word' id='word_1_127' title='bbox 1380 1848 1465 1905; x_wconf 84' lang='lat' dir='ltr'>ita</span> <span class='ocrx_word' id='word_1_128' title='bbox 1477 1849 1583 1907; x_wconf 82' lang='lat' dir='ltr'>ha·</span> 
     </span>
    </p>

    <p class='ocr_par' dir='ltr' id='par_1_6' title="bbox 360 1930 1583 2018">
     <span class='ocr_line' id='line_1_21' title="bbox 360 1930 1583 2018; baseline -0.004 -19"><span class='ocrx_word' id='word_1_129' title='bbox 360 1940 549 2000; x_wconf 84' lang='lat' dir='ltr'>betur:</span> <span class='ocrx_word' id='word_1_130' title='bbox 574 1958 715 2018; x_wconf 82' lang='lat' dir='ltr'>quae</span> <span class='ocrx_word' id='word_1_131' title='bbox 729 1934 803 1996; x_wconf 88' lang='lat' dir='ltr'>est</span> <span class='ocrx_word' id='word_1_132' title='bbox 817 1939 971 1995; x_wconf 86' lang='lat' dir='ltr'>enirn</span> <span class='ocrx_word' id='word_1_133' title='bbox 987 1935 1092 1994; x_wconf 83' lang='lat' dir='ltr'>alia</span> <span class='ocrx_word' id='word_1_134' title='bbox 1106 1934 1336 1995; x_wconf 79' lang='lat' dir='ltr'>Tellus?</span> <span class='ocrx_word' id='word_1_135' title='bbox 1361 1930 1445 1993; x_wconf 84' lang='lat' dir='ltr'>fin</span> <span class='ocrx_word' id='word_1_136' title='bbox 1464 1944 1583 1994; x_wconf 72' lang='lat' dir='ltr'>ter-⁷</span> 
     </span>
    </p>

    <p class='ocr_par' dir='ltr' id='par_1_7' title="bbox 361 2019 1581 2102">
     <span class='ocr_line' id='line_1_22' title="bbox 361 2019 1581 2102; baseline -0.006 -17"><span class='ocrx_word' id='word_1_137' title='bbox 361 2045 424 2101; x_wconf 71' lang='lat' dir='ltr'>ra</span> <span class='ocrx_word' id='word_1_138' title='bbox 438 2047 454 2085; x_wconf 70' lang='grc' dir='ltr'><strong>ε</strong></span> <span class='ocrx_word' id='word_1_139' title='bbox 472 2046 620 2083; x_wconf 83' lang='lat' dir='ltr'>mare</span> <span class='ocrx_word' id='word_1_140' title='bbox 631 2026 795 2083; x_wconf 81' lang='lat' dir='ltr'>etiam</span> <span class='ocrx_word' id='word_1_141' title='bbox 811 2047 826 2083; x_wconf 74' lang='grc' dir='ltr'><strong>ε</strong></span> <span class='ocrx_word' id='word_1_142' title='bbox 845 2043 1011 2101; x_wconf 87' lang='lat' dir='ltr'>quem</span> <span class='ocrx_word' id='word_1_143' title='bbox 1031 2028 1355 2102; x_wconf 84' lang='lat' dir='ltr'>Neptunum</span> <span class='ocrx_word' id='word_1_144' title='bbox 1368 2019 1479 2081; x_wconf 82' lang='lat' dir='ltr'>effe</span> <span class='ocrx_word' id='word_1_145' title='bbox 1494 2020 1581 2080; x_wconf 85' lang='lat' dir='ltr'>di·.</span> 
     </span>
    </p>

    <p class='ocr_par' dir='ltr' id='par_1_8' title="bbox 362 2109 1579 2189">
     <span class='ocr_line' id='line_1_23' title="bbox 362 2109 1579 2189; baseline -0.005 -16"><span class='ocrx_word' id='word_1_146' title='bbox 362 2114 542 2173; x_wconf 88' lang='lat' dir='ltr'>cebas.</span> <span class='ocrx_word' id='word_1_147' title='bbox 577 2132 711 2189; x_wconf 83' lang='lat' dir='ltr'>ergo</span> <span class='ocrx_word' id='word_1_148' title='bbox 725 2128 780 2169; x_wconf 87' lang='lat' dir='ltr'>et</span> <span class='ocrx_word' id='word_1_149' title='bbox 797 2112 1050 2183; x_wconf 86' lang='lat' dir='ltr'>flumina,</span> <span class='ocrx_word' id='word_1_150' title='bbox 1070 2125 1127 2168; x_wconf 91' lang='lat' dir='ltr'>et</span> <span class='ocrx_word' id='word_1_151' title='bbox 1139 2109 1353 2169; x_wconf 78' lang='lat' dir='ltr'>fontes,</span> <span class='ocrx_word' id='word_1_152' title='bbox 1388 2111 1579 2187; x_wconf 83' lang='lat' dir='ltr'>itaque</span> 
     </span>
    </p>

    <p class='ocr_par' dir='ltr' id='par_1_9' title="bbox 361 2192 1579 2261">
     <span class='ocr_line' id='line_1_24' title="bbox 361 2192 1579 2261; baseline -0.005 -1"><span class='ocrx_word' id='word_1_153' title='bbox 361 2215 418 2261; x_wconf 86' lang='lat' dir='ltr'>et</span> <span class='ocrx_word' id='word_1_154' title='bbox 431 2199 606 2259; x_wconf 88' lang='lat' dir='ltr'>fontis</span> <span class='ocrx_word' id='word_1_155' title='bbox 621 2198 907 2257; x_wconf 86' lang='lat' dir='ltr'>delubrum</span> <span class='ocrx_word' id='word_1_156' title='bbox 926 2195 1080 2256; x_wconf 83' lang='lat' dir='ltr'>Maso</span> <span class='ocrx_word' id='word_1_157' title='bbox 1096 2218 1169 2257; x_wconf 87' lang='lat' dir='ltr'>ex</span> <span class='ocrx_word' id='word_1_158' title='bbox 1184 2192 1403 2257; x_wconf 72' lang='lat' dir='ltr'>Con-fica</span> <span class='ocrx_word' id='word_1_159' title='bbox 1419 2194 1579 2255; x_wconf 86' lang='lat' dir='ltr'>dedi·</span> 
     </span>
    </p>

    <p class='ocr_par' dir='ltr' id='par_1_10' title="bbox 361 2282 1575 2363">
     <span class='ocr_line' id='line_1_25' title="bbox 361 2282 1575 2363; baseline -0.002 -18"><span class='ocrx_word' id='word_1_160' title='bbox 361 2288 546 2345; x_wconf 84' lang='lat' dir='ltr'>cavit:</span> <span class='ocrx_word' id='word_1_161' title='bbox 573 2287 701 2344; x_wconf 86' lang='lat' dir='ltr'>etin</span> <span class='ocrx_word' id='word_1_162' title='bbox 725 2306 993 2363; x_wconf 85' lang='lat' dir='ltr'>augurum</span> <span class='ocrx_word' id='word_1_163' title='bbox 1015 2284 1335 2363; x_wconf 84' lang='lat' dir='ltr'>precatione</span> <span class='ocrx_word' id='word_1_164' title='bbox 1351 2282 1575 2343; x_wconf 80' lang='lat' dir='ltr'>Tiberi·</span> 
     </span>
    </p>

    <p class='ocr_par' dir='ltr' id='par_1_11' title="bbox 361 2368 1579 2451">
     <span class='ocr_line' id='line_1_26' title="bbox 361 2368 1579 2451; baseline -0.004 -20"><span class='ocrx_word' id='word_1_165' title='bbox 361 2374 849 2451; x_wconf 86' lang='lat' dir='ltr'>num‚Spinonem,</span> <span class='ocrx_word' id='word_1_166' title='bbox 867 2378 1242 2447; x_wconf 86' lang='lat' dir='ltr'>Anemonem,</span> <span class='ocrx_word' id='word_1_167' title='bbox 1258 2368 1579 2451; x_wconf 75' lang='lat' dir='ltr'>Nodinum,</span> 
     </span>
    </p>

    <p class='ocr_par' dir='ltr' id='par_1_12' title="bbox 359 2456 1574 2536">
     <span class='ocr_line' id='line_1_27' title="bbox 359 2456 1574 2536; baseline -0.002 -21"><span class='ocrx_word' id='word_1_168' title='bbox 359 2456 465 2515; x_wconf 76' lang='lat' dir='ltr'>alia</span> <span class='ocrx_word' id='word_1_169' title='bbox 479 2460 923 2536; x_wconf 87' lang='lat' dir='ltr'>propinquorum</span> <span class='ocrx_word' id='word_1_170' title='bbox 934 2458 1227 2517; x_wconf 83' lang='lat' dir='ltr'>fluminum</span> <span class='ocrx_word' id='word_1_171' title='bbox 1244 2457 1479 2516; x_wconf 81' lang='lat' dir='ltr'>nomina</span> <span class='ocrx_word' id='word_1_172' title='bbox 1486 2456 1574 2513; x_wconf 82' lang='lat' dir='ltr'>vi-</span> 
     </span>
    </p>

    <p class='ocr_par' dir='ltr' id='par_1_13' title="bbox 359 2538 1577 2625">
     <span class='ocr_line' id='line_1_28' title="bbox 359 2538 1577 2625; baseline -0.002 -22"><span class='ocrx_word' id='word_1_173' title='bbox 359 2541 576 2625; x_wconf 53' lang='lat' dir='ltr'>demur.</span> <span class='ocrx_word' id='word_1_174' title='bbox 621 2562 754 2621; x_wconf 85' lang='lat' dir='ltr'>ergo</span> <span class='ocrx_word' id='word_1_175' title='bbox 775 2546 885 2606; x_wconf 86' lang='lat' dir='ltr'>hoc</span> <span class='ocrx_word' id='word_1_176' title='bbox 900 2558 998 2603; x_wconf 85' lang='lat' dir='ltr'>aut</span> <span class='ocrx_word' id='word_1_177' title='bbox 1017 2546 1081 2605; x_wconf 80' lang='lat' dir='ltr'>in</span> <span class='ocrx_word' id='word_1_178' title='bbox 1106 2540 1440 2613; x_wconf 63' lang='lat' dir='ltr'>,mensum</span> <span class='ocrx_word' id='word_1_179' title='bbox 1460 2538 1577 2603; x_wconf 66' lang='lat' dir='ltr'>ser·</span> 
     </span>
    </p>
   </div>
  </div>
 </body>
</html>
