1684 3084
345 205 626 266 nIBER-
657 205 1075 263 TERTnJS.
1191 221 1318 280 ηι-

108 306 209 384 qni
226 302 359 364 deos
375 319 535 384 putas
552 291 791 362 flumana
806 300 1106 379 negligere,
1125 321 1324 362 nonne

108 391 525 464 animadvertis„
548 410 621 447 ex
634 404 721 448 tot
738 388 936 448 tabulis
953 389 1135 466 pistis,
1151 409 1322 466 quam

108 476 273 537 multi
287 477 437 536 votis
455 477 569 535 vim
584 473 912 555 tempestatis
928 472 1244 552 effugerint,
1257 477 1320 534 in

107 579 448 642 portumque
486 559 617 620 salvi
648 560 1043 640 pervenerint?
1077 559 1098 593 ‘
1118 561 1202 620 ita
1229 560 1318 638 fit,
1333 609 1343 616 .

107 649 130 680 ‘
151 648 341 728 inquit
359 669 376 706 ε
414 645 499 706 illi
528 648 676 706 enim
708 643 978 727 nusquam
1009 648 1139 728 pieri
1167 643 1334 723 sunt,-

104 727 126 760 ‘
151 736 251 815 qui
267 732 555 811 naufragia
569 732 840 810 fecerunt,
865 736 925 794 in
949 735 1196 814 marique
1217 756 1318 815 pe·
1381 760 1388 771 ·

108 820 131 854 ‘
152 823 386 880 rierunt.
404 823 420 847 '
476 819 728 899 idemque
734 839 753 895 ,·
790 841 918 880 eum
945 823 996 880 ei
1027 823 1316 900 naviganti
1339 877 1350 886 .

103 911 363 968 vestm-es.
372 904 593 966 adversa
609 905 917 986 tempestate
931 907 1107 967 timidi
1122 923 1176 966 et
1192 928 1319 986 per·

103 991 569 1067 territidicerent,
592 1012 713 1052 non
736 992 942 1069 injuria
961 991 1058 1052 fibi
1079 993 1210 1052 illud
1225 1015 1318 1054 ac-

102 1078 316 1151 cidere,
340 1079 437 1155 qui
455 1077 607 1136 illum
623 1078 684 1136 in
700 1077 1150 1140 eandem'navem
1167 1100 1320 1140 rece·

102 1163 306 1245 pissent
321 1186 337 1222 ε
362 1161 599 1223 ostendit
611 1164 691 1223 eis
708 1165 768 1223 in
792 1164 986 1225 eodem
1002 1164 1159 1226 cursu
1173 1167 1318 1226 mul-

104 1267 193 1311 tas
209 1249 344 1310 alias
360 1248 702 1326 laborantes„
718 1250 1090 1331 quaesivitque
1105 1273 1240 1312 num
1255 1275 1316 1314 e·

101 1340 239 1398 tiam
254 1339 314 1396 in
330 1338 400 1395 iis
418 1338 653 1397 navibus
669 1339 970 1414 Diagoram
985 1341 1110 1399 vehi
1129 1339 1316 1399 crede·

100 1439 249 1485 rent.
300 1421 373 1484 fic
386 1424 536 1482 enim
555 1444 641 1482 res
658 1420 710 1482 se
724 1426 909 1501 habet,
927 1440 990 1484 ut
1004 1425 1074 1484 ad
1091 1424 1324 1506 prospe-r

102 1531 221 1570 ram
234 1507 589 1570 adversamve
603 1510 887 1572 fortunam
891 1513 1094 1590 ,qualis
1109 1511 1198 1588 fis,
1221 1528 1328 1574 aut

102 1593 571 1676 quemadmodum
605 1599 814 1657 vixeris
829 1641 849 1672 ,
906 1597 1044 1656 nihil
1081 1597 1316 1658 interfit.

100 1703 227 1744 non
252 1681 727 1757 animadvertunt,
752 1685 961 1761 inquit,
986 1686 1174 1744 omnia
1203 1686 1280 1746 dii
1295 1707 1314 1744 ε

102 1789 179 1830 ne
195 1789 353 1846 reges
369 1767 616 1849 quidem.
633 1769 769 1849 quid
784 1769 857 1828 est
873 1768 1068 1830 fimile?
1089 1792 1242 1850 reges
1258 1793 1316 1831 e·

101 1857 223 1916 nim
234 1853 275 1914 fi
286 1853 513 1916 scientes
524 1858 1190 1936 praetermittunt‚magna
1205 1859 1318 1918 cul-

104 1963 177 2023 pa
191 1939 287 2002 est.
320 1957 377 2001 at
390 1941 496 2003 deo
514 1963 585 2001 ne
600 1941 876 2004 excusatio
892 1944 1113 2022 quidem
1129 1944 1203 2004 est
1224 1947 1324 2018 in·-

38 2042 91 2092 38
108 2027 387 2090 scientiae.
524 2037 700 2106 Quem
724 2051 829 2090 vos
844 2030 1114 2110 praeclare
1127 2031 1316 2091 defen-

108 2116 265 2192 ditis,
289 2137 413 2176 cum
444 2116 649 2191 dicitis,
670 2138 789 2176 eam
810 2121 928 2176 vim
944 2117 1174 2176 deorum
1189 2117 1328 2191 effe„

106 2220 194 2278 ut,
210 2204 374 2262 etiam
390 2201 428 2262 fi
444 2203 569 2282 quis
585 2217 766 2263 morte
781 2223 991 2283 poenas
1006 2199 1220 2261 sceleris
1233 2201 1327 2264 ef«.

106 2288 335 2366 fugerit,
362 2304 693 2369 expetantur
714 2310 808 2347 eae
831 2308 1044 2368 poenae
1060 2309 1092 2346 a
1105 2287 1329 2364 liberis,
1351 2341 1356 2345 .

110 2377 479 2454 a.nepotibuS‚
504 2397 535 2433 a
548 2373 799 2454 posteris·
849 2375 887 2433 ὀ
913 2376 1107 2434 miram
1129 2379 1328 2455 aequi-2,

107 2475 281 2521 tatem
305 2461 558 2520 deorum!
586 2459 823 2520 ferretne
837 2459 948 2520 ulla
962 2463 1156 2520 civitas
1171 2465 1334 2530 lato-‚-

109 2567 241 2616 tem
262 2545 561 2618 istiusmodi
592 2545 753 2628 legis,
776 2563 837 2607 ut
862 2547 1364 2612 condemnaremus
