1684 3084
340 254 460 314 244
549 237 666 293 DE
696 238 915 292 NAT.
944 236 1332 293 DEORUM

333 334 440 392 bus
469 331 740 413 dispartiri
771 352 834 392 ac
863 326 1041 392 dividi
1060 332 1309 393 somnia?
1335 334 1555 395 idcirco

333 422 470 479 haec
483 436 685 495 tecum,
700 421 830 499 quia
843 418 1019 479 vestra
1032 419 1107 477 est
1122 419 1191 477 de
1205 419 1555 481 somniorum

333 508 569 565 veritate
583 504 871 565 sententia.
894 521 1063 584 atque
1078 504 1245 563 iidem
1260 509 1433 565 etiam
1446 528 1555 569 vo-

333 608 396 652 ta
413 590 602 671 suscipi
619 592 802 650 dicitis
823 606 1102 672 oportere.
1134 612 1338 670 nempe
1354 591 1553 669 finguli

333 695 580 738 vovent:
607 676 760 735 audit
788 681 955 755 igitur
976 697 1132 736 mens
1162 677 1361 736 divina
1382 681 1553 738 etiam

335 765 408 825 de
436 763 680 840 singulis.
729 764 931 823 videtis
962 784 1118 840 erge,
1140 784 1259 823 eam
1292 784 1425 823 non·
1449 764 1557 823 effi:

334 866 449 911 tam
463 865 807 928 occupatam,
831 870 998 930 quarn
1015 851 1316 928 putabatis?
1340 850 1431 910 fae
1444 848 1557 910 effe

323 935 647 1012 distentam,
663 936 878 995 coelum
892 934 1223 1012 versantem,
1240 952 1443 995 terram
1460 954 1554 996 tu-

331 1040 518 1084 entem
527 1066 544 1097 ,
560 1024 730 1083 maria
743 1023 1143 1082 moderantem:
1162 1042 1261 1082 cur
1276 1038 1391 1082 tam
1407 1022 1555 1082 mul-

337 1128 430 1173 tos
462 1110 594 1170 deos
625 1109 764 1168 nihil
794 1129 974 1186 agere,
1003 1124 1060 1167 et
1090 1106 1287 1169 cessare
1308 1111 1555 1189 patitur?-

334 1216 438 1257 cur
466 1216 585 1255 non
616 1197 778 1254 rebus
811 1197 1067 1253 humanis
1088 1196 1308 1275 aliquos
1332 1195 1559 1256 otiosos
1583 1262 1605 1279 ,

333 1282 472 1343 deos
488 1280 758 1363 praeficit?
779 1282 877 1361 qui
890 1302 921 1338 a
937 1298 1013 1356 te,
1030 1281 1213 1354 Balbe,
1230 1283 1557 1342 innumera·
1580 1290 1590 1297 ‘

334 1369 476 1428 biles
489 1368 748 1449 explicati
773 1366 919 1428 sunt.
968 1372 1099 1429 baec
1122 1367 1233 1427 fere
1254 1359 1435 1427 dicere
1449 1372 1561 1428 ha-

333 1456 431 1515 bui
446 1454 516 1513 de
532 1470 728 1513 natura
745 1454 997 1529 deorum,
1025 1475 1146 1514 non
1166 1469 1231 1513 ut
1244 1474 1361 1513 eam
1380 1455 1557 1514 tolle·

332 1561 473 1616 rem,
497 1540 586 1601 sed
603 1557 666 1599 ut
682 1540 1083 1617 intelligeretiS,
1104 1562 1269 1620 quam
1298 1539 1561 1601 esset-ob-

332 1626 512 1704 scura,
540 1644 595 1687 et
613 1648 775 1708 quam
792 1626 1041 1687 difficiles
1058 1628 1361 1708 explicatus
1378 1630 1555 1687 habe'·

334 1728 444 1773 ret.
579 1722 732 1789 Quae
755 1734 881 1773 cum
901 1712 1137 1789 dixiffiet,
1160 1720 1328 1773 Cotta
1350 1712 1549 1775 finem.
1580 1720 1635 1766 4⁰

335 1798 586 1858 Lucilius
627 1814 833 1873 autem,
886 1802 1289 1874 vehementius,
1332 1802 1553 1879 inquit,

307 1956 312 1963 ²
337 1890 529 1961 Cotta,
539 1902 600 1944 tu
617 1884 838 1965 quidem
853 1888 1101 1946 inveeius
1114 1906 1173 1946 es
1189 1887 1249 1944 in
1264 1906 1383 1944 eam
1399 1890 1553 1946 Stoi-

335 1992 531 2033 corum
548 1975 837 2047 rationem,
848 1992 989 2050 quae
1002 1972 1069 2031 de
1085 1971 1434 2055 providentia
1450 1972 1549 2033 de·

333 2078 498 2117 orum
513 2058 704 2117 abillis
719 2056 1053 2133 saneiissime,
1070 2075 1129 2117 et
1142 2056 1549 2139 providentiffi-

335 2164 426 2204 me
441 2144 736 2203 constituta
749 2142 844 2202 est.
892 2142 982 2202 sed
998 2148 1264 2223 quoniam
1284 2143 1547 2224 advespe-

251 2269 256 2276 -
333 2230 516 2305 rascit,
538 2230 689 2289 dabis
705 2229 851 2287 diem
868 2232 1033 2289 nobis
1048 2230 1303 2309 aliquem,
1324 2248 1390 2289 ut
1402 2252 1555 2291 con-

332 2332 420 2374 tra
436 2316 532 2375 ista
549 2317 810 2374 dicamus·
841 2314 914 2387 est
928 2318 1075 2374 enim
1090 2318 1225 2375 mihi
1242 2332 1421 2375 tecum
1439 2338 1553 2397 pro

333 2403 444 2460 aris
483 2417 541 2458 et
571 2400 712 2459 focis
743 2415 1040 2476 certamen,
1085 2417 1141 2461 et
1178 2422 1283 2482 pro
1313 2401 1546 2464 deorum

334 2484 554 2565 templis
569 2500 734 2563 atque
747 2486 1009 2561 delubris,
1025 2508 1239 2567 proque
1256 2490 1404 2547 urbis
1420 2510 1551 2548 mu-

335 2574 434 2649 ris,
457 2590 597 2651 quos
615 2590 744 2649 vos,
765 2571 1083 2653 pontifices,
1104 2572 1327 2645 saucios
1338 2572 1445 2635 effe
1458 2576 1547 2637 &i-
