1684 3084
378 173 499 230 152
588 157 705 214 DE
734 157 949 215 NAT.
983 156 1163 215 ono
1186 159 1391 220 RUM

366 268 425 312 et
453 255 585 315 illuc
614 253 759 330 casu,
804 270 863 314 et
893 273 1094 316 tancre
1121 261 1578 327 concursantibus

364 340 601 422 potuiffe
628 341 791 415 effici,
838 345 1095 422 cuiquam
1117 343 1260 406 sano
1279 351 1468 412 videri
1486 374 1574 432 po-

364 427 503 488 test?
538 444 633 488 aut
660 449 795 489 vero
818 429 926 488 alia
945 449 1084 510 quae
1113 449 1354 512 natura,
1385 443 1572 500 mentis

360 530 422 576 et
449 517 681 576 rationis
710 535 933 596 expett,
963 521 1096 577 haec
1125 519 1357 582 efficere
1379 529 1571 604 potuit,

362 621 507 683 quae
536 623 655 662 non
684 602 857 662 modo·
893 619 958 662 ut
993 603 1229 680 fiel-eutr
1269 613 1502 673 ratione
1525 635 1570 672 e-

356 705 599 768 guerunt
612 733 632 766 ,
674 687 765 752 sed
794 689 1030 768 intelligi
1053 691 1250 770 'qualia
1285 693 1430 773 lint,
1473 699 1569 760 fine

354 772 563 834 summa
577 777 795 836 ratione
817 797 939 836 non
953 777 1178 857 possunt
1195 780 1220 838 ἓ
1259 829 1266 836 .
1353 791 1565 846 Necve·
1580 789 1613 834 45

352 879 422 922 ro
436 863 569 922 haec
591 858 769 922 solum
790 863 1152 940 admirabilia,
1181 863 1276 926 sed
1301 871 1456 930 nihil
1467 893 1566 932 ma-

346 948 471 1028 jus,
498 969 669 1030 quam
690 949 848 1030 quod
871 953 948 1010 ita
967 950 1171 1012 stabilis
1203 953 1283 1014 est
1307 959 1563 1038 mundus,

350 1052 518 1116 atque
548 1038 625 1097 ita
646 1040 903 1098 cohaeret
924 1036 992 1098 ad
1014 1043 1562 1122 perunnendum,.ut

346 1124 490 1184 nihil
520 1144 593 1182 ne
620 1125 927 1204 eitcogitari
965 1125 1186 1204 quidem
1226 1131 1404 1207 poffit
1437 1134 1562 1214 apti-

346 1229 436 1270 us,
468 1229 667 1270 omnes
680 1213 829 1272 enim
844 1227 1026 1292 partes
1044 1215 1166 1290 eJus
1183 1215 1450 1298 undique
1461 1241 1558 1280 me·

345 1296 499 1358 dium
510 1297 697 1358 locum
712 1297 1070 1380 capellata,
1083 1303 1355 1362 nituntur
1371 1325 1556 1387 aequa·

342 1383 493 1452 litet.
549 1385 789 1445 maxime
822 1400 1006 1458 autem
1036 1405 1285 1468 ’corpora
1323 1391 1481 1452 inter
1510 1392 1556 1454 st

332 1469 531 1547 juncta
566 1480 916 1548 permanent,
960 1481 1086 1534 cum
1123 1475 1378 1555 quodam
1416 1479 1553 1560 quali

338 1557 577 1618 vinculo
610 1559 946 1628 circumdata
976 1559 1314 1638 colligantur
1335 1586 1356 1624 ε
1408 1566 1550 1646 quod

332 1639 472 1702 facit
486 1664 547 1703 ea
564 1659 757 1706 natura
762 1667 924 1725 ‚quae
933 1667 1034 1728 per
1043 1667 1268 1708 omnem
1281 1653 1550 1714 mundum

332 1733 529 1790 omnia
542 1747 727 1792 mente
740 1749 797 1793 et
812 1736 1027 1795 ratione
1039 1734 1350 1796 conficiens
1366 1739 1548 1800 fundi-

332 1829 449 1892 tur,
470 1832 527 1876 et
544 1817 613 1878 ad
632 1819 874 1880 medium
891 1822 1054 1902 rapit,
1077 1837 1135 1881 et
1147 1827 1441 1885 convertit
1453 1846 1544 1886 ex-

332 1916 529 1964 trema.
576 1907 835 1984 quocirca
851 1906 886 1966 fi
901 1909 1141 1970 mundus
1164 1908 1436 1988 globosus
1449 1911 1544 1989 est,

330 1991 409 2049 ob
422 2009 651 2069 eamque
666 1991 878 2052 causam
893 2015 1089 2054 omnes
1104 1996 1222 2072 ejus
1239 2013 1430 2076 partes
1445 2019 1548 2059 un-

328 2074 497 2155 dique
518 2078 826 2157 aequabiles
833 2123 854 2155 ,
873 2078 1019 2160 ipsae
1041 2103 1138 2162 per
1156 2080 1230 2156 se,
1259 2099 1432 2162 atque
1453 2087 1542 2146 in-

325 2174 415 2220 ter
430 2160 482 2220 se
496 2165 857 2224 continentur
870 2189 888 2226 ι
919 2171 1246 2246 contingere
1261 2168 1416 2232 idem
1429 2187 1538 2232 ter·

323 2265 419 2306 rae
432 2248 638 2308 neceffe
652 2249 749 2327 est,
763 2267 848 2326 ut,
865 2256 1122 2314 omnibus
1139 2256 1260 2332 ejus
1276 2260 1534 2334 partibus

321 2331 384 2388 in
404 2331 646 2392 medium
660 2340 1034 2413 vergentibu8‚
1059 2338 1144 2408 (id
1159 2355 1344 2400 autem
1359 2344 1532 2405 medi·

320 2433 437 2486 um,
460 2414 709 2476 infimum
741 2423 799 2478 in
822 2422 1046 2499 sphaera
1065 2423 1170 2500 est)
1193 2426 1336 2484 nihil
1356 2429 1531 2489 inter·

314 2512 552 2578 rumpat,
578 2519 693 2579 quo
706 2501 1016 2566 labefactari
1037 2510 1202 2589 possit
1213 2525 1374 2574 tanta
1387 2534 1532 2579 con·
