<?xml version="1.0" encoding="UTF-8"?>
<!DOCTYPE html PUBLIC "-//W3C//DTD XHTML 1.0 Transitional//EN"
    "http://www.w3.org/TR/xhtml1/DTD/xhtml1-transitional.dtd">
<html xmlns="http://www.w3.org/1999/xhtml" xml:lang="en" lang="en">
 <head>
  <title>
</title>
<meta http-equiv="Content-Type" content="text/html;charset=utf-8" />
  <meta name='ocr-system' content='tesseract 3.04.00' />
  <meta name='ocr-capabilities' content='ocr_page ocr_carea ocr_par ocr_line ocrx_word'/>
</head>
<body>
  <div class='ocr_page' id='page_1' title='image "./mtulliiciceroni08unkngoog/mtulliiciceroni08unkngoog_0173.png"; bbox 0 0 1684 3084; ppageno 0'>
   <div class='ocr_carea' id='block_1_1' title="bbox 308 149 1316 234">
    <p class='ocr_par' dir='ltr' id='par_1_1' title="bbox 308 149 1316 234">
     <span class='ocr_line' id='line_1_1' title="bbox 308 149 1316 234; baseline 0.014 -28"><span class='ocrx_word' id='word_1_1' title='bbox 308 149 583 207; x_wconf 64' lang='lat' dir='ltr'><strong>mnan</strong></span> <span class='ocrx_word' id='word_1_2' title='bbox 614 151 1102 214; x_wconf 75' lang='lat' dir='ltr'>SECUNDUS.</span> <span class='ocrx_word' id='word_1_3' title='bbox 1199 157 1316 234; x_wconf 76' lang='lat'><strong>165</strong></span> 
     </span>
    </p>
   </div>
   <div class='ocr_carea' id='block_1_2' title="bbox 50 249 1332 2599">
    <p class='ocr_par' dir='ltr' id='par_1_2' title="bbox 50 249 1328 2599">
     <span class='ocr_line' id='line_1_2' title="bbox 50 249 1322 318; baseline 0.004 -5"><span class='ocrx_word' id='word_1_4' title='bbox 50 271 305 313; x_wconf 66' lang='lat' dir='ltr'><strong>eorum</strong></span> <span class='ocrx_word' id='word_1_5' title='bbox 341 249 549 310; x_wconf 78' lang='lat' dir='ltr'><strong>adverfi</strong></span> <span class='ocrx_word' id='word_1_6' title='bbox 578 255 729 310; x_wconf 85' lang='lat' dir='ltr'><strong>acuti</strong></span> <span class='ocrx_word' id='word_1_7' title='bbox 754 251 936 312; x_wconf 81' lang='lat' dir='ltr'><strong>morsu</strong></span> <span class='ocrx_word' id='word_1_8' title='bbox 961 253 1224 316; x_wconf 84' lang='lat' dir='ltr'><strong>dividunt</strong></span> <span class='ocrx_word' id='word_1_9' title='bbox 1241 257 1322 318; x_wconf 88' lang='lat' dir='ltr'><strong>es-</strong></span> 
     </span>
     <span class='ocr_line' id='line_1_3' title="bbox 50 339 1326 420; baseline 0.003 -21"><span class='ocrx_word' id='word_1_10' title='bbox 50 358 189 414; x_wconf 69' lang='lat' dir='ltr'>tas»,</span> <span class='ocrx_word' id='word_1_11' title='bbox 220 340 433 398; x_wconf 85' lang='lat' dir='ltr'><strong>intimi</strong></span> <span class='ocrx_word' id='word_1_12' title='bbox 456 353 643 396; x_wconf 85' lang='lat' dir='ltr'><strong>autem</strong></span> <span class='ocrx_word' id='word_1_13' title='bbox 666 339 996 413; x_wconf 82' lang='lat' dir='ltr'><strong>conficiunt,</strong></span> <span class='ocrx_word' id='word_1_14' title='bbox 1018 344 1115 420; x_wconf 90' lang='lat' dir='ltr'><strong>qui</strong></span> <span class='ocrx_word' id='word_1_15' title='bbox 1131 347 1326 420; x_wconf 81' lang='lat' dir='ltr'><strong>genui·</strong></span> 
     </span>
     <span class='ocr_line' id='line_1_4' title="bbox 50 427 1326 505; baseline 0.002 -20"><span class='ocrx_word' id='word_1_16' title='bbox 50 429 117 485; x_wconf 83' lang='lat' dir='ltr'><strong>ni</strong></span> <span class='ocrx_word' id='word_1_17' title='bbox 136 440 498 486; x_wconf 81' lang='lat' dir='ltr'><strong>vocantur:</strong></span> <span class='ocrx_word' id='word_1_18' title='bbox 522 446 667 505; x_wconf 83' lang='lat' dir='ltr'><strong>quae</strong></span> <span class='ocrx_word' id='word_1_19' title='bbox 688 427 964 486; x_wconf 74' lang='lat' dir='ltr'><strong>confeffio</strong></span> <span class='ocrx_word' id='word_1_20' title='bbox 987 430 1156 488; x_wconf 81' lang='lat' dir='ltr'><strong>etiam</strong></span> <span class='ocrx_word' id='word_1_21' title='bbox 1173 451 1204 487; x_wconf 79' lang='lat' dir='ltr'><strong>a</strong></span> <span class='ocrx_word' id='word_1_22' title='bbox 1219 430 1326 492; x_wconf 87' lang='lat' dir='ltr'><strong>lin·</strong></span> 
     </span>
     <span class='ocr_line' id='line_1_5' title="bbox 50 512 1328 593; baseline 0.006 -21"><span class='ocrx_word' id='word_1_23' title='bbox 50 535 177 591; x_wconf 79' lang='lat' dir='ltr'><strong>gua</strong></span> <span class='ocrx_word' id='word_1_24' title='bbox 194 512 479 591; x_wconf 79' lang='lat' dir='ltr'><strong>adjuvari</strong></span> <span class='ocrx_word' id='word_1_25' title='bbox 494 512 736 573; x_wconf 84' lang='lat' dir='ltr'><strong>videtur.</strong></span> <span class='ocrx_word' id='word_1_26' title='bbox 769 513 1032 593; x_wconf 84' lang='lat' dir='ltr'><strong>linguam</strong></span> <span class='ocrx_word' id='word_1_27' title='bbox 1057 533 1242 578; x_wconf 85' lang='lat' dir='ltr'><strong>autem</strong></span> <span class='ocrx_word' id='word_1_28' title='bbox 1257 517 1328 580; x_wconf 79' lang='lat' dir='ltr'><strong>ad</strong></span> 
     </span>
     <span class='ocr_line' id='line_1_6' title="bbox 50 599 1324 682; baseline 0.005 -22"><span class='ocrx_word' id='word_1_29' title='bbox 50 599 310 660; x_wconf 79' lang='lat' dir='ltr'>radices</span> <span class='ocrx_word' id='word_1_30' title='bbox 343 600 465 677; x_wconf 84' lang='lat' dir='ltr'><strong>ejus</strong></span> <span class='ocrx_word' id='word_1_31' title='bbox 486 603 723 660; x_wconf 81' lang='lat' dir='ltr'><strong>haerens</strong></span> <span class='ocrx_word' id='word_1_32' title='bbox 752 604 961 682; x_wconf 83' lang='lat' dir='ltr'><strong>exeipit</strong></span> <span class='ocrx_word' id='word_1_33' title='bbox 980 602 1324 666; x_wconf 60' lang='lat' dir='ltr'><strong>stomachum</strong></span> 
     </span>
     <span class='ocr_line' id='line_1_7' title="bbox 50 687 1326 855; baseline 0.005 -21"><span class='ocrx_word' id='word_1_34' title='bbox 50 709 235 834; x_wconf 59' lang='lat'><strong>33²2.</strong></span> <span class='ocrx_word' id='word_1_35' title='bbox 214 687 1326 855; x_wconf 57' lang='grc' dir='ltr'><strong>Ρ’Ξῖἒῗῗᾷῗζῖῗέἓ’ρῗάέῗέζέιῗξξρῖῗ</strong></span> 
     </span>
     <span class='ocr_line' id='line_1_8' title="bbox 1233 803 1322 840; baseline 0 -2"><span class='ocrx_word' id='word_1_36' title='bbox 1233 803 1322 840; x_wconf 73' lang='lat' dir='ltr'><strong>a·</strong></span> 
     </span>
     <span class='ocr_line' id='line_1_9' title="bbox 50 862 1322 944; baseline 0.005 -24"><span class='ocrx_word' id='word_1_37' title='bbox 50 865 361 940; x_wconf 79' lang='lat' dir='ltr'><strong>tingens,</strong></span> <span class='ocrx_word' id='word_1_38' title='bbox 412 862 604 942; x_wconf 73' lang='lat' dir='ltr'><strong>palato</strong></span> <span class='ocrx_word' id='word_1_39' title='bbox 635 879 892 924; x_wconf 73' lang='lat' dir='ltr'><strong>extremo</strong></span> <span class='ocrx_word' id='word_1_40' title='bbox 923 881 1088 944; x_wconf 73' lang='lat' dir='ltr'><strong>atque</strong></span> <span class='ocrx_word' id='word_1_41' title='bbox 1111 869 1322 926; x_wconf 81' lang='lat' dir='ltr'><strong>intimo</strong></span> 
     </span>
     <span class='ocr_line' id='line_1_10' title="bbox 50 950 1326 1026; baseline 0.004 -18"><span class='ocrx_word' id='word_1_42' title='bbox 50 951 456 1009; x_wconf 81' lang='lat' dir='ltr'><strong>terminatur.</strong></span> <span class='ocrx_word' id='word_1_43' title='bbox 500 963 671 1026; x_wconf 85' lang='lat' dir='ltr'><strong>atque</strong></span> <span class='ocrx_word' id='word_1_44' title='bbox 693 950 741 1006; x_wconf 78' lang='lat' dir='ltr'><strong>is</strong></span> <span class='ocrx_word' id='word_1_45' title='bbox 764 951 1066 1026; x_wconf 81' lang='lat' dir='ltr'><strong>agitatione</strong></span> <span class='ocrx_word' id='word_1_46' title='bbox 1085 967 1141 1010; x_wconf 89' lang='lat' dir='ltr'><strong>et</strong></span> <span class='ocrx_word' id='word_1_47' title='bbox 1157 953 1326 1014; x_wconf 79' lang='lat' dir='ltr'><strong>moti·</strong></span> 
     </span>
     <span class='ocr_line' id='line_1_11' title="bbox 51 1033 1326 1118; baseline 0.004 -22"><span class='ocrx_word' id='word_1_48' title='bbox 51 1039 178 1096; x_wconf 83' lang='lat' dir='ltr'><strong>bus</strong></span> <span class='ocrx_word' id='word_1_49' title='bbox 218 1035 463 1112; x_wconf 79' lang='lat' dir='ltr'><strong>linguae</strong></span> <span class='ocrx_word' id='word_1_50' title='bbox 491 1055 619 1096; x_wconf 86' lang='lat' dir='ltr'><strong>eum</strong></span> <span class='ocrx_word' id='word_1_51' title='bbox 638 1033 947 1115; x_wconf 85' lang='lat' dir='ltr'><strong>depulsum,</strong></span> <span class='ocrx_word' id='word_1_52' title='bbox 976 1053 1032 1097; x_wconf 85' lang='lat' dir='ltr'><strong>et</strong></span> <span class='ocrx_word' id='word_1_53' title='bbox 1055 1037 1206 1118; x_wconf 77' lang='lat' dir='ltr'><strong>quali</strong></span> <span class='ocrx_word' id='word_1_54' title='bbox 1227 1039 1326 1102; x_wconf 85' lang='lat' dir='ltr'><strong>de·</strong></span> 
     </span>
     <span class='ocr_line' id='line_1_12' title="bbox 50 1121 1324 1205; baseline 0.003 -21"><span class='ocrx_word' id='word_1_55' title='bbox 50 1121 313 1184; x_wconf 83' lang='lat' dir='ltr'><strong>trusum</strong></span> <span class='ocrx_word' id='word_1_56' title='bbox 328 1124 513 1182; x_wconf 82' lang='lat' dir='ltr'><strong>eibum</strong></span> <span class='ocrx_word' id='word_1_57' title='bbox 526 1123 759 1204; x_wconf 83' lang='lat' dir='ltr'><strong>accepit,</strong></span> <span class='ocrx_word' id='word_1_58' title='bbox 774 1123 1022 1205; x_wconf 84' lang='lat' dir='ltr'><strong>depellit.</strong></span> <span class='ocrx_word' id='word_1_59' title='bbox 1039 1127 1058 1184; x_wconf 91' lang='lat' dir='ltr'>i</span> <span class='ocrx_word' id='word_1_60' title='bbox 1063 1124 1206 1205; x_wconf 79' lang='lat' dir='ltr'><strong>pfius</strong></span> <span class='ocrx_word' id='word_1_61' title='bbox 1222 1147 1324 1188; x_wconf 76' lang='lat' dir='ltr'><strong>au·</strong></span> 
     </span>
     <span class='ocr_line' id='line_1_13' title="bbox 52 1209 1324 1295; baseline 0.002 -24"><span class='ocrx_word' id='word_1_62' title='bbox 52 1225 197 1271; x_wconf 86' lang='lat' dir='ltr'><strong>tem</strong></span> <span class='ocrx_word' id='word_1_63' title='bbox 218 1224 423 1292; x_wconf 81' lang='lat' dir='ltr'><strong>partes</strong></span> <span class='ocrx_word' id='word_1_64' title='bbox 442 1230 561 1282; x_wconf 84' lang='lat' dir='ltr'><strong>eae,</strong></span> <span class='ocrx_word' id='word_1_65' title='bbox 592 1229 735 1288; x_wconf 79' lang='lat' dir='ltr'><strong>quae</strong></span> <span class='ocrx_word' id='word_1_66' title='bbox 756 1209 884 1270; x_wconf 86' lang='lat' dir='ltr'><strong>sunt</strong></span> <span class='ocrx_word' id='word_1_67' title='bbox 897 1211 1047 1272; x_wconf 69' lang='lat' dir='ltr'><strong>insta</strong></span> <span class='ocrx_word' id='word_1_68' title='bbox 1060 1211 1142 1287; x_wconf 84' lang='lat' dir='ltr'><strong>id,</strong></span> <span class='ocrx_word' id='word_1_69' title='bbox 1165 1213 1324 1295; x_wconf 86' lang='lat' dir='ltr'><strong>quod</strong></span> 
     </span>
     <span class='ocr_line' id='line_1_14' title="bbox 52 1295 1327 1382; baseline 0.001 -24"><span class='ocrx_word' id='word_1_70' title='bbox 52 1297 245 1358; x_wconf 87' lang='lat' dir='ltr'><strong>devo</strong></span> <span class='ocrx_word' id='word_1_71' title='bbox 252 1311 427 1370; x_wconf 82' lang='lat' dir='ltr'><strong>ratur,</strong></span> <span class='ocrx_word' id='word_1_72' title='bbox 448 1295 775 1357; x_wconf 82' lang='lat' dir='ltr'><strong>dilatantur·</strong></span> <span class='ocrx_word' id='word_1_73' title='bbox 792 1318 932 1377; x_wconf 82' lang='lat' dir='ltr'><strong>quae</strong></span> <span class='ocrx_word' id='word_1_74' title='bbox 943 1315 1126 1358; x_wconf 83' lang='lat' dir='ltr'><strong>autem</strong></span> <span class='ocrx_word' id='word_1_75' title='bbox 1143 1297 1327 1382; x_wconf 82' lang='lat' dir='ltr'><strong>supra,</strong></span> 
     </span>
     <span class='ocr_line' id='line_1_15' title="bbox 62 1383 1328 1468; baseline 0.001 -20"><span class='ocrx_word' id='word_1_76' title='bbox 62 1385 537 1448; x_wconf 82' lang='lat' dir='ltr'><strong>contrahuntur.</strong></span> <span class='ocrx_word' id='word_1_77' title='bbox 562 1383 653 1446; x_wconf 80' lang='lat' dir='ltr'><strong>sed</strong></span> <span class='ocrx_word' id='word_1_78' title='bbox 668 1405 795 1446; x_wconf 87' lang='lat' dir='ltr'><strong>cum</strong></span> <span class='ocrx_word' id='word_1_79' title='bbox 812 1384 996 1468; x_wconf 79' lang='lat' dir='ltr'><strong>aspera</strong></span> <span class='ocrx_word' id='word_1_80' title='bbox 1011 1389 1210 1449; x_wconf 79' lang='lat' dir='ltr'><strong>arteria</strong></span> <span class='ocrx_word' id='word_1_81' title='bbox 1223 1385 1328 1459; x_wconf 81' lang='lat' dir='ltr'><strong>(fic</strong></span> 
     </span>
     <span class='ocr_line' id='line_1_16' title="bbox 64 1471 1324 1554; baseline 0 -18"><span class='ocrx_word' id='word_1_82' title='bbox 64 1475 255 1536; x_wconf 80' lang='lat' dir='ltr'><strong>enim</strong></span> <span class='ocrx_word' id='word_1_83' title='bbox 272 1493 305 1532; x_wconf 79' lang='lat' dir='ltr'><strong>a</strong></span> <span class='ocrx_word' id='word_1_84' title='bbox 318 1471 547 1534; x_wconf 81' lang='lat' dir='ltr'><strong>medicis</strong></span> <span class='ocrx_word' id='word_1_85' title='bbox 570 1472 912 1554; x_wconf 84' lang='lat' dir='ltr'><strong>appellatur)</strong></span> <span class='ocrx_word' id='word_1_86' title='bbox 935 1473 1132 1542; x_wconf 79' lang='lat' dir='ltr'><strong>ostium</strong></span> <span class='ocrx_word' id='word_1_87' title='bbox 1153 1477 1324 1536; x_wconf 72' lang='lat' dir='ltr'><strong>habe-</strong></span> 
     </span>
     <span class='ocr_line' id='line_1_17' title="bbox 68 1559 1324 1639; baseline 0.001 -18"><span class='ocrx_word' id='word_1_88' title='bbox 68 1579 171 1637; x_wconf 74' lang='lat' dir='ltr'><strong>at,</strong></span> <span class='ocrx_word' id='word_1_89' title='bbox 212 1559 549 1636; x_wconf 74' lang='lat' dir='ltr'><strong>adjunemm</strong></span> <span class='ocrx_word' id='word_1_90' title='bbox 570 1561 795 1635; x_wconf 81' lang='lat' dir='ltr'><strong>linguae</strong></span> <span class='ocrx_word' id='word_1_91' title='bbox 818 1559 1116 1636; x_wconf 80' lang='lat' dir='ltr'>radicibus,</span> <span class='ocrx_word' id='word_1_92' title='bbox 1153 1561 1324 1639; x_wconf 77' lang='lat' dir='ltr'><strong>paulo</strong></span> 
     </span>
     <span class='ocr_line' id='line_1_18' title="bbox 72 1643 1325 1727; baseline 0.002 -19"><span class='ocrx_word' id='word_1_93' title='bbox 72 1648 273 1727; x_wconf 82' lang='lat' dir='ltr'><strong>supra</strong></span> <span class='ocrx_word' id='word_1_94' title='bbox 282 1665 457 1724; x_wconf 79' lang='lat' dir='ltr'><strong>quam</strong></span> <span class='ocrx_word' id='word_1_95' title='bbox 472 1644 795 1722; x_wconf 65' lang='lat' dir='ltr'><strong>adfinguam</strong></span> <span class='ocrx_word' id='word_1_96' title='bbox 804 1643 1112 1708; x_wconf 65' lang='lat' dir='ltr'><strong>stomachus</strong></span> <span class='ocrx_word' id='word_1_97' title='bbox 1121 1669 1325 1710; x_wconf 83' lang='lat' dir='ltr'><strong>annec-</strong></span> 
     </span>
     <span class='ocr_line' id='line_1_19' title="bbox 71 1731 1320 1816; baseline 0.001 -21.006"><span class='ocrx_word' id='word_1_98' title='bbox 71 1739 267 1807; x_wconf 84' lang='lat' dir='ltr'><strong>titur,</strong></span> <span class='ocrx_word' id='word_1_99' title='bbox 301 1752 475 1813; x_wconf 83' lang='lat' dir='ltr'><strong>eaque</strong></span> <span class='ocrx_word' id='word_1_100' title='bbox 496 1731 566 1792; x_wconf 81' lang='lat' dir='ltr'><strong>ad</strong></span> <span class='ocrx_word' id='word_1_101' title='bbox 585 1731 882 1813; x_wconf 81' lang='lat' dir='ltr'><strong>pulmones</strong></span> <span class='ocrx_word' id='word_1_102' title='bbox 899 1731 1065 1814; x_wconf 85' lang='lat' dir='ltr'><strong>nsque</strong></span> <span class='ocrx_word' id='word_1_103' title='bbox 1075 1737 1320 1816; x_wconf 81' lang='lat' dir='ltr'><strong>pertine-</strong></span> 
     </span>
     <span class='ocr_line' id='line_1_20' title="bbox 86 1821 1322 1904; baseline 0.002 -23"><span class='ocrx_word' id='word_1_104' title='bbox 86 1838 179 1896; x_wconf 79' lang='lat' dir='ltr'><strong>at,</strong></span> <span class='ocrx_word' id='word_1_105' title='bbox 208 1821 569 1904; x_wconf 80' lang='lat' dir='ltr'>excipiatque</span> <span class='ocrx_word' id='word_1_106' title='bbox 584 1841 825 1880; x_wconf 75' lang='lat' dir='ltr'><strong>ammam</strong></span> <span class='ocrx_word' id='word_1_107' title='bbox 840 1842 982 1896; x_wconf 61' lang='lat' dir='ltr'><strong>mm,</strong></span> <span class='ocrx_word' id='word_1_108' title='bbox 1005 1843 1146 1901; x_wconf 75' lang='lat' dir='ltr'><strong>quae</strong></span> <span class='ocrx_word' id='word_1_109' title='bbox 1159 1822 1322 1884; x_wconf 63' lang='lat' dir='ltr'><strong>duaa</strong></span> 
     </span>
     <span class='ocr_line' id='line_1_21' title="bbox 90 1907 1321 1989; baseline 0.002 -21"><span class='ocrx_word' id='word_1_110' title='bbox 90 1908 165 1968; x_wconf 86' lang='lat' dir='ltr'><strong>fit</strong></span> <span class='ocrx_word' id='word_1_111' title='bbox 192 1907 413 1988; x_wconf 82' lang='lat' dir='ltr'><strong>spiritu,</strong></span> <span class='ocrx_word' id='word_1_112' title='bbox 450 1907 791 1989; x_wconf 85' lang='lat' dir='ltr'><strong>eandemque</strong></span> <span class='ocrx_word' id='word_1_113' title='bbox 812 1929 844 1966; x_wconf 89' lang='lat' dir='ltr'><strong>a</strong></span> <span class='ocrx_word' id='word_1_114' title='bbox 859 1908 1219 1988; x_wconf 75' lang='lat' dir='ltr'><strong>pulmonibus</strong></span> <span class='ocrx_word' id='word_1_115' title='bbox 1236 1929 1321 1970; x_wconf 86' lang='lat' dir='ltr'><strong>re·</strong></span> 
     </span>
     <span class='ocr_line' id='line_1_22' title="bbox 97 1995 1321 2076; baseline 0.001 -21"><span class='ocrx_word' id='word_1_116' title='bbox 97 1995 355 2076; x_wconf 83' lang='lat' dir='ltr'><strong>spiret,et</strong></span> <span class='ocrx_word' id='word_1_117' title='bbox 368 1995 593 2056; x_wconf 84' lang='lat' dir='ltr'><strong>reddat:</strong></span> <span class='ocrx_word' id='word_1_118' title='bbox 612 1998 815 2073; x_wconf 82' lang='lat' dir='ltr'><strong>tegitur</strong></span> <span class='ocrx_word' id='word_1_119' title='bbox 830 1995 1072 2075; x_wconf 84' lang='lat' dir='ltr'><strong>quodam</strong></span> <span class='ocrx_word' id='word_1_120' title='bbox 1088 1995 1239 2076; x_wconf 79' lang='lat' dir='ltr'><strong>quali</strong></span> <span class='ocrx_word' id='word_1_121' title='bbox 1253 2019 1321 2056; x_wconf 90' lang='lat' dir='ltr'><strong>o·</strong></span> 
     </span>
     <span class='ocr_line' id='line_1_23' title="bbox 98 2081 1323 2166; baseline 0 -24"><span class='ocrx_word' id='word_1_122' title='bbox 98 2082 361 2166; x_wconf 85' lang='lat' dir='ltr'><strong>perculo,</strong></span> <span class='ocrx_word' id='word_1_123' title='bbox 384 2082 537 2162; x_wconf 88' lang='lat' dir='ltr'><strong>quod</strong></span> <span class='ocrx_word' id='word_1_124' title='bbox 551 2085 628 2143; x_wconf 89' lang='lat' dir='ltr'><strong>ob</strong></span> <span class='ocrx_word' id='word_1_125' title='bbox 640 2103 761 2142; x_wconf 82' lang='lat' dir='ltr'><strong>eam</strong></span> <span class='ocrx_word' id='word_1_126' title='bbox 776 2081 987 2142; x_wconf 85' lang='lat' dir='ltr'><strong>causam</strong></span> <span class='ocrx_word' id='word_1_127' title='bbox 1010 2081 1202 2142; x_wconf 82' lang='lat' dir='ltr'><strong>datum</strong></span> <span class='ocrx_word' id='word_1_128' title='bbox 1224 2081 1323 2160; x_wconf 81' lang='lat' dir='ltr'><strong>est,</strong></span> 
     </span>
     <span class='ocr_line' id='line_1_24' title="bbox 98 2167 1324 2249; baseline -0.002 -18"><span class='ocrx_word' id='word_1_129' title='bbox 98 2191 207 2245; x_wconf 86' lang='lat' dir='ltr'><strong>ne,</strong></span> <span class='ocrx_word' id='word_1_130' title='bbox 236 2167 278 2229; x_wconf 87' lang='lat' dir='ltr'><strong>fi</strong></span> <span class='ocrx_word' id='word_1_131' title='bbox 307 2169 441 2249; x_wconf 88' lang='lat' dir='ltr'><strong>quid</strong></span> <span class='ocrx_word' id='word_1_132' title='bbox 470 2172 531 2229; x_wconf 87' lang='lat' dir='ltr'><strong>in</strong></span> <span class='ocrx_word' id='word_1_133' title='bbox 560 2191 683 2229; x_wconf 89' lang='lat' dir='ltr'><strong>eam</strong></span> <span class='ocrx_word' id='word_1_134' title='bbox 712 2171 821 2230; x_wconf 87' lang='lat' dir='ltr'>cibi</span> <span class='ocrx_word' id='word_1_135' title='bbox 852 2169 999 2228; x_wconf 87' lang='lat' dir='ltr'><strong>forte</strong></span> <span class='ocrx_word' id='word_1_136' title='bbox 1027 2167 1324 2247; x_wconf 69' lang='lat' dir='ltr'><strong>incidisset,</strong></span> 
     </span>
     <span class='ocr_line' id='line_1_25' title="bbox 102 2253 1324 2339; baseline -0.002 -22"><span class='ocrx_word' id='word_1_137' title='bbox 102 2257 333 2339; x_wconf 80' lang='lat' dir='ltr'><strong>spiritus</strong></span> <span class='ocrx_word' id='word_1_138' title='bbox 348 2255 721 2335; x_wconf 69' lang='lat' dir='ltr'><strong>Impedit-etur.</strong></span> <span class='ocrx_word' id='word_1_139' title='bbox 728 2253 819 2316; x_wconf 90' lang='lat' dir='ltr'><strong>sed</strong></span> <span class='ocrx_word' id='word_1_140' title='bbox 832 2275 958 2313; x_wconf 90' lang='lat' dir='ltr'><strong>cum</strong></span> <span class='ocrx_word' id='word_1_141' title='bbox 976 2253 1086 2313; x_wconf 85' lang='lat' dir='ltr'><strong>alvi</strong></span> <span class='ocrx_word' id='word_1_142' title='bbox 1101 2271 1324 2335; x_wconf 71' lang='lat' dir='ltr'><strong>natura,</strong></span> 
     </span>
     <span class='ocr_line' id='line_1_26' title="bbox 96 2341 1322 2422; baseline -0.001 -17"><span class='ocrx_word' id='word_1_143' title='bbox 96 2344 349 2422; x_wconf 65' lang='lat' dir='ltr'><strong>subjesta</strong></span> <span class='ocrx_word' id='word_1_144' title='bbox 362 2341 662 2418; x_wconf 84' lang='lat' dir='ltr'>stomacho,</span> <span class='ocrx_word' id='word_1_145' title='bbox 686 2343 797 2401; x_wconf 86' lang='lat' dir='ltr'>cibi</span> <span class='ocrx_word' id='word_1_146' title='bbox 810 2357 869 2400; x_wconf 89' lang='lat' dir='ltr'><strong>et</strong></span> <span class='ocrx_word' id='word_1_147' title='bbox 883 2341 1134 2421; x_wconf 83' lang='lat' dir='ltr'><strong>potionis</strong></span> <span class='ocrx_word' id='word_1_148' title='bbox 1156 2341 1222 2402; x_wconf 87' lang='lat' dir='ltr'><strong>fit</strong></span> <span class='ocrx_word' id='word_1_149' title='bbox 1235 2364 1322 2404; x_wconf 84' lang='lat' dir='ltr'><strong>re-</strong></span> 
     </span>
     <span class='ocr_line' id='line_1_27' title="bbox 98 2429 1332 2599; baseline -0.011 -16"><span class='ocrx_word' id='word_1_150' title='bbox 98 2429 1036 2599; x_wconf 53' lang='grc' dir='ltr'><strong>ΞΞΡΞΞΞἙΞΞΞΞΞῈΞΞΞΞΞΣΞΞΤᾹ</strong></span> <span class='ocrx_word' id='word_1_151' title='bbox 1046 2444 1332 2600; x_wconf 59' lang='grc' dir='ltr'><strong>ᾒῖἓὲξὲἶ</strong></span> 
     </span>
    </p>
   </div>
  </div>
 </body>
</html>
