1684 3084
355 159 1050 223 LIBERPRIMUS.
1275 173 1310 240 3

104 261 179 326 fic
192 262 341 322 enim
358 262 433 324 est
446 259 729 323 traditum.
780 266 875 320 Ατ
888 261 957 321 τί
975 281 1008 320 c
1022 281 1062 322 u
1075 281 1099 321 s
1113 304 1126 320 .
1143 257 1316 340 qu‘or·

107 347 225 410 sum
240 349 487 423 tandem,
510 363 606 408 aut
620 369 719 407 cur
732 345 829 407 ista
844 349 1094 427 quaeris?
1121 353 1226 406 MA
1241 367 1279 408 R
1291 379 1316 396 -

112 454 147 495 c
160 456 201 495 u
216 457 241 495 s
254 479 269 495 .
296 432 435 494 nihil
450 429 599 509 sane,
626 432 727 492 nifi
744 455 815 492 ne
838 435 1006 492 nimis
1029 433 1320 511 diligenter

106 523 359 602 inquiras
375 522 435 579 in
451 541 534 596 ea,
558 539 699 600 quae
719 518 819 580 isto
833 519 1006 580 modo
1023 521 1320 580 memoriae

107 606 219 668 fint
254 604 495 686 prodita.
567 612 912 666 Αττῐουε.
959 609 1116 687 atqui
1143 606 1320 666 multa

107 708 451 773 quaeruntur
480 694 540 751 in
572 693 781 769 Mario,
820 691 1038 768 fletam,
1083 713 1158 752 an
1188 713 1320 753 vera

105 780 249 840 fint=
286 794 341 839 et
369 799 403 838 a
424 777 740 854 nonnullis,
760 776 914 857 quod
933 795 990 838 et
1017 782 1080 838 in
1111 782 1322 840 recenti

104 867 405 940 memoria,
444 881 503 923 et
536 865 599 922 in
628 865 890 943 Arpinati
923 867 1182 926 hominm
1229 864 1322 926 sed

104 955 319 1014 veritas
356 973 391 1008 a
426 965 483 1008 te
510 946 828 1029 postulatur.
901 955 1220 1012 Mancus.
1263 968 1324 1011 et

104 1035 424 1099 mehercule
439 1078 459 1109 ,
504 1054 609 1112 ego
637 1054 725 1095 me
752 1035 919 1116 cupio
947 1056 1066 1096 non
1095 1037 1322 1098 menda·-

104 1145 234 1186 cem
251 1123 465 1203 putari:
491 1119 581 1181 sed
605 1135 786 1182 tamen
802 1121 1064 1182 nonnulli
1085 1121 1190 1199 isti,
1214 1125 1322 1184 Ti·

106 1227 194 1287 te,
230 1209 445 1270 faciunt
464 1209 743 1288 imperite,
773 1211 874 1288 qui
903 1211 964 1269 in
985 1207 1086 1270 isto
1109 1212 1326 1291 pericu·

107 1297 177 1358 lo
200 1317 321 1357 non
344 1309 407 1358 ut
430 1316 463 1353 a
485 1297 674 1376 polita,
694 1293 786 1354 sed
810 1309 874 1352 ut
895 1316 928 1355 a
947 1293 1102 1370 teste,
1120 1299 1326 1356 verita-

110 1399 233 1444 tem
244 1384 491 1458 exigant.
539 1400 642 1439 nec
666 1381 884 1457 dubito,
912 1383 1050 1462 quin
1065 1381 1329 1458 iidem‚et

112 1489 247 1530 eum
282 1469 477 1545 Egeria
506 1465 843 1528 collocutum
873 1473 1144 1545 Numam,
1181 1485 1238 1529 et
1258 1473 1330 1530 ab

112 1555 301 1635 aquila
322 1556 641 1634 Tarquinio
664 1555 870 1633 apicem
890 1554 1202 1634 impolitum
1225 1576 1330 1636 pu·

113 1657 263 1702 tent.
298 1649 397 1717 Qu
410 1658 427 1699 ι
440 1660 479 1700 N
494 1660 531 1700 τ
544 1661 583 1698 υ
598 1661 623 1700 s
636 1683 652 1700 .
676 1640 953 1716 intellige,
967 1657 1046 1716 te,
1061 1640 1248 1718 frater,
1267 1663 1330 1702 a·

113 1727 221 1788 lias
240 1727 299 1786 in
322 1726 545 1786 historia
566 1726 709 1804 leges
726 1724 1090 1786 obstrvandas
1113 1743 1333 1809 putare,

115 1815 255 1876 alias
268 1815 329 1872 in
347 1815 618 1892 poemate.
646 1819 709 1872 M
716 1835 751 1873 A
764 1834 803 1874 R
818 1834 852 1874 c
865 1833 903 1872 υ
917 1835 942 1873 s
954 1857 970 1874 .
985 1817 1190 1896 quippe
1204 1837 1334 1878 cum

116 1903 183 1962 in
198 1898 293 1958 illa
316 1899 383 1960 ad
406 1903 713 1974 veritatem,
742 1903 974 1976 Quinte,
1004 1902 1334 1978 referantur,

118 1989 185 2046 in
198 1989 309 2046 hoc
324 1985 391 2047 ad
404 1985 817 2046 delcetationem
830 1987 1108 2066 pleraque.
1155 2008 1334 2068 quan·

120 2091 293 2152 quam
308 2086 364 2129 et
379 2071 521 2151 apud
538 2072 912 2146 Herodotum,
942 2084 1154 2152 patrem
1169 2072 1336 2133 histo·

120 2160 262 2232 riae,
288 2174 345 2218 et
374 2158 516 2237 apud
546 2163 980 2239 Theopompum
1010 2156 1140 2218 sunt
1169 2160 1340 2219 innu-

76 2274 105 2308 2
123 2243 409 2304 merabiles
436 2242 666 2304 fabulae.
800 2250 898 2302 AT
912 2265 947 2303 τ
962 2264 981 2302 1
993 2264 1030 2304 c
1043 2263 1082 2304 u
1097 2267 1120 2304 s
1133 2288 1148 2305 .
1175 2260 1341 2306 teneo

126 2351 295 2410 quam
310 2333 567 2410 optabam
588 2329 951 2405 occasionem,
973 2350 1152 2410 neque
1174 2333 1342 2392 omit·

127 2433 265 2478 tam.
322 2422 479 2476 Man
498 2438 647 2476 cus·
688 2438 854 2496 quam
886 2415 1130 2490 tandem,
1171 2419 1338 2476 Tite?

124 2509 411 2568 Αττιου
429 2523 481 2564 s.
507 2499 808 2584 postulatur
839 2524 874 2563 a
904 2518 958 2563 te
985 2503 1220 2582 jamdiu,
1250 2502 1343 2564 vel
