1684 3084
364 180 448 242 40
580 162 698 219 m:
726 161 946 219 NAT.
974 158 1354 219 DEORUM

336 268 433 325 ιὼ-
450 265 695 343 Epicuro
713 254 898 334 soluti,
919 275 976 319 et
990 262 1050 319 in
1067 260 1376 319 libertatern
1391 259 1582 323 vindi·

358 352 494 427 eati,
526 370 629 409 nec
658 349 956 407 metuimus
985 367 1107 423 eos,
1133 368 1279 427 quos
1309 347 1580 437 intelligi·

334 466 341 473 ·
358 458 488 499 mus
500 456 603 496 nec
616 434 711 493 fibi
724 432 930 513 fingere
943 433 1113 493 ullam
1127 430 1459 509 molestiam,
1475 456 1580 496 nec

359 525 517 587 alteri
530 541 819 604 quaerere:
852 535 910 580 et
926 523 1014 601 pie
1026 518 1318 600 saniteque
1333 522 1576 583 colimus
1668 596 1669 601 η

356 628 613 673 naturam
626 606 988 668 excellentem
1002 622 1174 687 atque
1187 606 1572 687 praestantem.

356 698 449 761 sed
459 699 630 759 elatus
646 694 850 769 studio,
871 714 1089 768 vereor,
1113 715 1184 753 ne
1199 695 1436 773 longior
1456 695 1574 757 fue·

336 788 486 847 rim.
530 798 649 843 erat
678 798 862 841 autem
891 782 1137 857 difficile,
1175 802 1292 841 rem
1331 796 1573 861 tantam,

340 889 581 949 tamque
596 869 1271 949 praeclaram,inehoatam
1289 869 1572 951 relinque·

358 981 439 1019 re.
463 976 779 1037 quanquam
794 976 918 1015 non
935 972 1046 1015 tam
1061 956 1289 1016 dicendi·
1301 959 1453 1017 ratio
1467 961 1574 1018 mi·

342 1047 417 1107 -hi
430 1044 680 1105 habenda
694 1042 823 1117 fuit,
844 1062 1011 1120 quam
1027 1042 1304 1103 audiendi.
1414 1050 1574 1107 Tum
1587 1062 1627 1097 2¹

342 1140 529 1195 Cotta
542 1133 798 1204 comiter,
820 1145 886 1188 ut
898 1128 1128 1204 solebat,
1153 1132 1331 1211 atqui,
1353 1131 1570 1211 inquit,

334 1218 563 1291 ,Vellei,
585 1216 685 1279 nifi
702 1231 763 1275 tu
782 1215 990 1296 aliqffid
1009 1215 1252 1291 dixisses»,
1283 1218 1428 1277 nihil
1444 1218 1573 1281 fine

354 1328 431 1369 ex
450 1326 537 1365 me
561 1303 783 1386 quidem
808 1303 998 1363 audire
1021 1300 1298 1385 potuisses.
1346 1305 1492 1366 mihi
1511 1328 1570 1368 e·-
1667 1262 1669 1381 1

354 1397 473 1457 nim
490 1414 611 1454 non
625 1406 740 1451 tam
754 1390 948 1451 facile
932 1412 992 1450 m
1009 1406 1250 1451 mentem
1267 1392 1466 1453 venire
1479 1393 1568 1455 so·
1667 1384 1669 1409 ⁷

352 1483 454 1555 let,
470 1486 646 1562 quare
658 1499 853 1539 verum
869 1475 934 1536 fit
947 1478 1177 1559 aliquid,
1201 1499 1370 1559 quam
1391 1500 1570 1587 quare

350 1566 563 1634 salsum.
610 1565 775 1647 idque
804 1586 932 1625 cum
959 1563 1137 1647 saepe,
1173 1582 1317 1643 tum,
1348 1588 1480 1628 cum
1513 1584 1570 1631 te

294 1724 300 1730 ..
351 1655 595 1723 audirem
610 1653 777 1735 paulo
792 1668 943 1728 ante,
963 1654 1224 1732 contigit.
1271 1674 1437 1733 roges
1453 1676 1571 1734 me,

350 1742 567 1829 qualem
581 1742 813 1801 deorum
829 1756 1084 1801 naturam
1097 1739 1200 1801 effe
1213 1740 1448 1804 ducam.
1473 1746 1566 1805 ni·

334 1836 429 1898 hil
442 1826 663 1897 fortasse
675 1827 1054 1909 respondeam.
1099 1846 1327 1908 quaere,
1341 1845 1565 1910 putem-

346 1944 423 1985 ne
444 1917 607 1979 talem
622 1914 747 1991 effe,
770 1915 952 1996 qualis
975 1916 1148 1977 modo
1171 1938 1206 1976 a
1226 1931 1284 1977 te
1297 1916 1367 1979 fit
1379 1938 1562 2000 expo·-

334 2009 475 2073 fita:
507 2004 649 2065 nihil
664 2003 842 2065 dicam
865 2005 1002 2063 mihi
1015 2003 1194 2065 videri
1207 2006 1419 2065 minus.
1465 2003 1560 2067 sed

298 2110 643 2174 antequam
658 2090 944 2170 aggrediar
965 2092 1037 2152 ad
1057 2114 1145 2169 ea,
1173 2112 1316 2172 quae
1329 2114 1362 2153 a
1377 2108 1436 2152 te
1447 2091 1558 2155 dis·

294 2198 539 2269 putata
554 2178 700 2255 sunt,
732 2178 800 2238 de
822 2194 880 2237 te
899 2178 1018 2259 ipso
1041 2179 1219 2241 dicam
1233 2179 1370 2259 quid
1383 2177 1556 2241 senti-

343 2294 455 2335 am.
503 2268 660 2348 saepe
686 2267 838 2326 enim
860 2265 928 2326 de
961 2273 1033 2328 L.
1061 2265 1273 2341 Craffo,
1301 2265 1553 2329 familiari

341 2373 444 2420 tuo
473 2355 596 2428 illo,
618 2351 816 2413 videor
843 2351 1066 2428 audiffie,
1098 2374 1224 2413 cum
1255 2368 1312 2412 te
1342 2354 1551 2433 togatis
1669 2390 1671 2403 ι

338 2444 600 2519 munibus
615 2435 726 2497 fine
738 2436 909 2497 dubio
931 2438 1247 2514 anteferret,
1269 2455 1325 2498 et
1337 2460 1550 2520 paucos

334 2544 528 2615 penum
553 2525 857 2611 Epicureos.
879 2543 911 2586 e
928 2526 1158 2591 Graecia
1179 2542 1547 2609 compararet,
