1684 3084
334 187 415 248 54
649 169 787 227 DE
830 167 1288 227 LEGIBUS
1368 179 1376 186 '

328 269 409 330 lat
430 266 611 328 Plato.
660 275 789 341 QJn
804 285 841 324 N
857 285 945 324 τυ
959 287 1014 325 s,
1038 265 1214 324 habeo
1235 286 1404 340 vero,
1429 266 1540 326 fra·

330 373 415 418 ter
428 376 447 414 ι
462 356 589 413 etin
604 355 712 412 hoc
726 351 1020 410 admodum
1033 349 1296 426 deleant,
1311 353 1468 432 quod
1481 355 1544 411 in

331 441 455 504 aliis
472 441 631 500 rebus
648 435 868 516 aliisque
883 436 1168 499 sententiis
1183 437 1441 512 versaris,
1457 454 1542 497 at·

330 548 445 676 :³21⁶
452 525 549 687 ἐξ
554 522 713 586 ”¹¹³¹
726 545 876 670 :3¹3
883 522 1548 690 ffiffimssoeffi

330 699 468 776 legis
484 695 792 758 exordium.
842 717 1016 756 unum
1027 695 1166 754 illud
1177 697 1316 756 mihi
1329 696 1542 756 videris

332 785 562 858 imitari,
578 783 854 842 orationis
870 803 1065 860 genus.
1087 787 1190 840 MA
1201 803 1237 842 R
1250 801 1284 840 c
1299 803 1338 842 u
1351 804 1380 843 s
1389 827 1408 844 .
1426 783 1544 842 vel-

332 871 440 932 lem
454 866 673 930 fortasse
683 890 703 928 ε
728 870 858 947 quis
872 869 1022 930 enim
1035 867 1094 926 id
1109 866 1306 948 potest,
1322 885 1422 928 aut
1437 891 1544 928 un·

334 977 503 1040 quam
516 957 721 1037 poterit
734 956 964 1014 imitari?
991 975 1119 1014 nam
1135 952 1436 1014 sententias
1455 958 1543 1016 in·

334 1045 620 1123 tetpoetari
635 1041 893 1121 perfacile
903 1038 999 1101 est.
1031 1040 1186 1119 quod
1199 1040 1424 1121 quidem
1439 1062 1544 1120 ego

334 1128 585 1206 boetem,
607 1125 711 1188 nifi
722 1128 887 1206 plane
901 1124 1004 1186 effe
1015 1125 1214 1188 vellem
1227 1148 1382 1187 meus
1389 1127 1548 1207 ‚quid

332 1218 487 1276 euim
498 1215 713 1292 negotii
726 1212 822 1287 est,
853 1212 1038 1275 eadem
1061 1234 1234 1294 prope
1248 1216 1438 1274 verbis
1453 1213 1546 1273 iis·

335 1301 465 1364 dem
478 1297 741 1362 conversa
754 1299 962 1360 dicere?
1005 1307 1102 1376 Qu
1118 1320 1140 1361 1
1153 1321 1190 1360 N
1205 1320 1241 1360 τ
1255 1319 1293 1360 u
1309 1322 1336 1360 s
1345 1343 1362 1361 .
1379 1321 1546 1381 pror-

333 1386 429 1451 sus
441 1385 722 1448 affentior.
745 1406 962 1461 verum,
981 1400 1047 1444 ut
1056 1383 1232 1448 modo
1245 1402 1362 1446 tute
1373 1387 1546 1446 dixis:-

333 1477 409 1550 ti,
428 1490 483 1534 te
496 1469 601 1534 effe
614 1471 761 1534 malo
780 1487 960 1533 tuum.
1007 1470 1098 1534 sed
1113 1473 1234 1550 jam
1249 1493 1542 1554 exprome,
1615 1509 1626 1526 ,

334 1560 377 1621 fi
393 1560 589 1641 placet,
612 1557 732 1618 istas
756 1558 906 1638 leges
929 1558 997 1618 de
1023 1559 1311 1637 religione.
1358 1566 1464 1621 MA
1474 1582 1547 1621 R-

340 1667 485 1708 eus.
510 1666 828 1726 expromam
842 1644 1116 1724 equidem,
1131 1660 1194 1704 ut
1209 1661 1406 1725 potero
1419 1669 1440 1706 ε
1465 1663 1548 1722 et,

334 1733 603 1811 quoniam
628 1747 684 1790 et
698 1731 854 1790 locus
867 1747 923 1790 et
943 1730 1120 1792 sermo
1147 1731 1430 1794 familiaris
1445 1732 1546 1809 est,

334 1818 519 1896 legum
526 1815 673 1895 leges
688 1837 827 1879 voce
842 1827 1282 1898 proponam.st
1294 1837 1312 1876 1
1325 1838 1364 1877 n
1379 1837 1416 1878 τ
1429 1840 1470 1878 υ
1485 1840 1543 1880 s.

334 1903 601 1984 quidnam
614 1901 780 1962 idest?
829 1910 983 1964 Man
995 1923 1078 1963 cu
1093 1925 1144 1966 s.
1163 1902 1290 1964 sunt
1303 1905 1548 1966 certale·

334 2011 470 2070 gum
491 1991 678 2064 verba,
704 1990 933 2064 Quinte,
956 2009 1134 2069 neque
1161 1991 1242 2050 ita
1259 1989 1460 2070 prisea,
1481 2005 1550 2052 ut

336 2078 401 2136 in
414 2077 689 2136 veteribus
724 2095 767 2134 x
784 2096 801 2134 1
820 2097 839 2134 1
872 2073 1198 2155 sacratisque
1213 2074 1428 2154 legibus
1443 2100 1466 2151 ς
1489 2091 1549 2138 et

334 2178 547 2238 tamen,
591 2182 707 2241 quo
744 2160 868 2238 plus
906 2163 1244 2222 auetoritatis
1273 2164 1542 2240 habeant,

335 2249 503 2330 paulo
518 2249 860 2328 antiquiora,
881 2268 1049 2327 quam
1062 2249 1152 2308 hic
1167 2245 1346 2308 sermo
1359 2247 1460 2311 est.
1485 2271 1550 2310 e·

336 2355 431 2394 um
452 2354 663 2394 morem
686 2336 853 2410 igitur
867 2353 994 2394 cum
1015 2337 1306 2410 brevitate,
1327 2333 1370 2393 fi
1381 2352 1546 2417 pote-

332 2437 435 2491 ro,⁸
445 2416 767 2496 consequar.
796 2418 946 2496 leges
961 2435 1142 2480 autem
1159 2443 1192 2480 a
1205 2441 1296 2482 me
1309 2420 1547 2482 edentur

324 2521 453 2564 non
480 2502 773 2586 perfectae:
798 2525 930 2572 nam
951 2504 1084 2574 effet
1109 2506 1392 2575 infinitum
1405 2530 1426 2570 ε
1450 2506 1546 2574 sod
