1684 3084
274 145 394 191 no
566 133 699 188 DE
740 134 1192 192 LEGIBUS

266 249 503 308 cumque
514 235 744 292 mutatio
768 253 986 294 morum
999 237 1062 294 in
1077 235 1360 316 principes
1375 258 1482 296 ex-

264 313 485 391 stiterit,
507 317 733 378 eandem
760 321 819 377 in
845 321 1054 400 populo
1077 319 1336 380 secutam.
1385 324 1482 382 id-

270 421 379 480 que
404 405 553 462 haud
580 404 743 482 paulo
774 403 848 464 est
877 409 1084 480 verius,
1123 427 1288 484 quam
1317 409 1482 486 quod

268 487 489 549 Platoni
502 489 689 550 nostro
698 490 876 569 placet
880 493 996 570 ‚qui
1009 490 1340 552 musicorum
1349 515 1488 554 ean·-

264 577 419 634 -tibus
430 577 747 636 ait'mutatis
754 581 974 650 ,mutari
988 580 1272 638 civitatum
1283 577 1486 642 status.

272 681 379 738 ego
392 677 577 723 autem
598 661 872 724 nobilium
888 667 1006 723 vita
1020 665 1276 742 viekuque
1297 681 1485 726 muta·

274 763 361 821 to,
390 767 573 808 mores
602 753 803 808 mutari
832 752 1120 808 civitatum
1148 765 1308 828 puto.
1357 768 1482 828 quo

274 831 631 913 perniciosius
646 833 715 894 de
730 835 1004 914 republica
1017 849 1296 896 merentur
1305 837 1488 896 vitio-

273 918 315 978 fi
330 922 628 1000 principes,
644 921 795 999 quod
813 943 933 980 non
949 920 1122 980 solum
1137 921 1273 980 vitia
1285 925 1486 982 conci·

278 1008 439 1084 piunt
454 1005 573 1086 ipfi,
598 1005 685 1066 sed
700 1029 760 1064 ea
778 1006 1078 1066 infundunt
1093 1008 1152 1066 in
1169 1008 1493 1068 civitatemz

278 1113 457 1172 neque
484 1091 660 1152 solum
691 1092 912 1168 obsunt,
935 1093 1088 1172 quod
1111 1091 1208 1172 ipfi
1227 1113 1492 1152 cori-um*

278 1177 601 1261 puntur,sed
614 1180 777 1238 etiam
792 1179 946 1258 quod
955 1177 1494 1259 corrumpuntffilos-

279 1285 389 1345 que
402 1265 675 1347 exemplo,
698 1286 864 1344 quam
879 1282 1102 1344 peccato
1119 1281 1350 1324 nocent.
1399 1282 1492 1324 at·

280 1372 387 1432 que
416 1355 548 1412 haec
576 1353 668 1412 lex
696 1351 920 1411 dilatata
947 1353 1008 1410 in
1031 1352 1287 1412 ordinem
1302 1373 1488 1421 ,cunc-

280 1454 421 1514 tum,
444 1437 785 1516 coangustari
814 1441 980 1496 etiam
1002 1437 1200 1518 potest.
1245 1441 1409 1516 pauci
1429 1459 1490 1496 e-

281 1527 422 1600 nim,
444 1541 610 1604 atque
638 1523 936 1584 admodum
966 1525 1150 1603 pauci,
1178 1527 1398 1585 honore
1429 1540 1492 1584 et

279 1610 459 1688 gloria
472 1610 806 1692 amplificati,
829 1609 919 1670 vel
933 1630 1282 1688 corrumpere
1297 1631 1490 1670 mores

280 1698 547 1771 civitatiS,
570 1697 659 1758 vel
676 1697 948 1774 corrigere
967 1695 1211 1774 poss'unt.
1243 1694 1333 1754 sed
1354 1699 1493 1756 haec

277 1799 335 1842 et
350 1803 498 1844 nunc
513 1783 661 1858 satis,
676 1785 805 1844 etin
822 1783 931 1841 illis
947 1781 1103 1841 libris
1120 1786 1348 1842 traetata
1361 1781 1492 1844 sunt

278 1869 618 1948 diligentius.
666 1889 835 1949 quare
859 1867 928 1928 ad
944 1867 1154 1948 reliqua
1173 1869 1488 1930 veniamus.

277 1959 597 2036 proximum
624 1973 808 2016 autem
834 1953 909 2014 est
929 1953 998 2013 de
1019 1952 1318 2031 suffragiis:
1345 1975 1492 2032 quae

272 2044 445 2120 jubeo
480 2042 500 2072 ‘
514 2046 670 2102 nota'
700 2039 803 2100 effe
836 2040 856 2070 ‘
873 2041 1252 2120 optimatibuS,
1272 2041 1494 2120 populo

283 2128 303 2182 .‘
324 2130 515 2190 libera.
535 2132 551 2156 ’
613 2136 707 2188 AT
722 2148 757 2186 T
771 2147 789 2185 1
802 2147 835 2185 c
848 2147 885 2185 u
901 2149 952 2186 s.
978 2127 1056 2184 ita
1075 2125 1378 2186 mehercule
1399 2143 1490 2186 at-

280 2216 453 2291 tendi,
468 2237 569 2274 nee
585 2213 617 2272 s
608 2216 712 2274 atis
728 2211 1000 2287 intellexi,
1015 2213 1149 2292 quid
1164 2210 1258 2270 fibi
1273 2210 1492 2286 lex‚aut

279 2302 415 2380 quid
428 2303 595 2360 verba
610 2299 706 2359 ista
720 2298 919 2358 velint.
1036 2304 1142 2358 MA
1155 2317 1192 2358 R
1209 2315 1242 2355 c
1254 2316 1292 2354 U
1307 2318 1334 2356 s
1345 2341 1360 2356 .
1400 2299 1490 2358 di·
1513 2325 1530 2360 1
1539 2325 1565 2368 ς

278 2405 419 2459 cam,
442 2387 601 2460 Tite,
624 2401 680 2444 et
709 2381 969 2444 versabor
991 2385 1050 2441 in
1081 2405 1139 2442 re
1171 2381 1400 2458 difficili,
1427 2406 1494 2444 ac

275 2469 509 2532 multum
524 2484 580 2532 et
592 2467 745 2552 saepe
762 2467 1020 2550 quaesitaz
1035 2466 1360 2548 suffragiain
1375 2489 1496 2530 ma·
