1684 3084
342 169 423 234 30
637 154 1267 214 nssannms

334 250 425 313 sed
440 264 656 310 natura.
678 271 809 310 nam
824 253 886 310 ni
901 252 980 310 ita
993 250 1142 325 esset,
1157 253 1306 310 beati
1319 273 1556 334 quoqne

332 339 602 419 opinione
614 333 803 396 effentz
814 357 930 416 quo
943 337 1082 416 quid
1095 339 1206 397 dici
1219 338 1406 419 potest
1419 339 1556 400 stul·

334 425 474 486 tius?
496 443 672 502 quare
680 444 804 484 cum
821 439 880 482 et
893 425 1126 499 bonum,
1139 440 1202 482 et
1215 424 1432 485 malum
1450 449 1550 486 na·

332 527 459 574 tura
474 509 770 589 judicetur,
788 525 845 568 et
865 530 932 568 ea
951 508 1059 570 fint
1077 511 1360 591 principia
1381 529 1548 572 mtu-

332 619 455 660 rae:
482 611 625 658 certe
639 595 865 656 honesta
885 615 1110 676 quoque
1121 611 1181 656 et
1195 599 1390 678 turpia
1403 597 1550 660 fimi·

330 685 375 746 li
390 684 603 744 ratione
626 682 998 760 dijudicanda,
1019 695 1078 742 et
1097 683 1168 742 ad
1183 699 1450 746 naturam
1465 706 1550 744 re-

334 769 558 832 ferenda
572 766 719 828 sunt.
766 767 857 828 sed
873 771 1158 848 perturbat
1180 791 1292 829 nos
1319 773 1548 849 opinio·

332 877 468 918 num
482 856 743 929 varietas,
767 856 1168 934 hominumque
1181 855 1446 916 diffienfio
1458 881 1477 917 ε
1493 875 1549 917 et

332 946 466 1026 quia
481 963 601 1004 non
616 940 759 1002 idem
774 944 1056 1021 contingit
1069 945 1130 1001 in
1147 940 1419 1018 senfibus,
1441 948 1546 1004 hos

332 1046 531 1094 natura
546 1044 723 1090 certos
738 1029 1140 1108 putamustilla‚
1149 1049 1298 1109 quae
1311 1029 1438 1090 aliis
1451 1030 1547 1107 fic,

332 1118 458 1187 aliis
473 1114 645 1190 secus,
664 1135 767 1175 nec
788 1114 977 1176 iisdem
1003 1115 1210 1196 semper
1232 1137 1356 1176 uno
1369 1117 1546 1178 modo

332 1201 737 1278 videntur‚fi&a
748 1199 854 1260 effe
867 1201 1140 1262 ducimus·
1155 1201 1316 1282 quod
1329 1203 1566 1264 estiom-

332 1311 407 1370 ge
419 1289 726 1350 antennam
741 1286 926 1348 sensus
939 1288 1156 1349 nostros
1173 1311 1300 1350 non
1313 1311 1548 1370 parens,

332 1399 458 1438 non
488 1378 702 1450 nun-h,
738 1395 859 1437 non
889 1375 1161 1455 magister,
1199 1398 1324 1438 non
1353 1380 1550 1457 poen,

332 1484 457 1526 non
488 1461 648 1524 scena
674 1461 943 1542 depravat
955 1506 976 1539 ,
1011 1483 1134 1525 non
1165 1462 1548 1524 multitudinis

333 1547 633 1612 consensus
646 1549 870 1610 abducit
883 1571 918 1610 a
929 1571 1084 1611 vero.
1129 1552 1333 1610 animis
1349 1571 1549 1612 omnes

332 1636 640 1698 tenduntur
654 1635 892 1712 infidiae,
911 1637 1002 1698 vel
1017 1639 1086 1696 ab
1097 1639 1187 1712 iis,
1209 1657 1357 1716 quos
1373 1639 1550 1698 modo

337 1726 678 1798 enumeravi,
704 1725 801 1802 qui
816 1738 1040 1784 teneros
1055 1739 1112 1784 et
1127 1725 1288 1784 rudes
1305 1745 1440 1784 cum
1455 1745 1546 1786 ac-

335 1824 621 1890 ceperunt,
637 1809 973 1887 inficiunt,et
985 1811 1300 1887 &effingat
1311 1810 1544 1871 volunt:

333 1897 429 1960 vel
444 1898 511 1958 ab
526 1917 609 1973 ea,
626 1916 767 1977 quae
782 1898 1000 1978 penitus
1015 1899 1078 1957 in
1091 1899 1250 1956 omni
1264 1893 1422 1956 sensu
1437 1899 1545 1958 im-

336 1984 539 2068 plicata
552 1981 767 2058 insidet,
787 1985 1060 2044 imitatrix
1072 1985 1230 2060 boni,
1251 1983 1544 2063 voluptas,

338 2070 613 2133 malorum
640 2087 821 2132 autem
853 2087 1023 2131 mater
1053 2072 1340 2142 omnium3
1379 2072 1540 2148 cujus

339 2157 621 2218 blanditiis
649 2160 900 2238 corrupti
917 2199 938 2233 ,
975 2178 1116 2238 quae
1153 2173 1353 2218 natura
1389 2158 1540 2216 bona

340 2243 489 2320 sunt,
512 2245 642 2324 quia
655 2243 942 2305 dulcedine
955 2247 1056 2304 hac
1069 2260 1126 2304 et
1142 2242 1312 2304 scabie
1325 2259 1536 2318 carent,

341 2351 462 2390 non
474 2331 749 2390 cernimus
764 2327 914 2390 satis,
1024 2331 1280 2409 Sequitur
1295 2328 1389 2399 (ut
1403 2349 1538 2390 con·
1557 2345 1608 2388 18
1683 2284 1684 2375 1

340 2403 483 2471 cluYa
510 2415 645 2472 mihi
672 2416 794 2491 jam
822 2419 955 2475 haec
984 2414 1050 2475 fit
1069 2417 1256 2476 omnis
1285 2417 1460 2490 ratio)
1483 2415 1538 2474 id
1681 2411 1684 2520 J

340 2495 492 2576 quod
521 2512 651 2558 ante
680 2500 874 2562 oculos
903 2520 979 2562 ex
1004 2502 1076 2564 iis
1105 2499 1206 2582 est,
1227 2519 1373 2582 quae
1395 2501 1536 2562 dieta
1676 2547 1681 2663 Λ
