1684 3084
349 112 432 172 60
556 112 671 170 DE
702 113 919 172 NAT.
950 111 1335 171 DEORUM

313 263 322 275 .
341 229 509 290 quam
525 211 651 271 fnlsa
673 214 1031 274 convincere.
1164 215 1403 272 Etenim
1418 235 1561 272 enu-
1588 203 1654 275 333

343 292 555 358 merasti
588 300 903 358 memoriter
938 315 997 358 et
1034 298 1257 378 copiose
1292 297 1400 369 (ut
1422 302 1563 359 mihi
1653 299 1654 306 ’

345 384 569 463 quidem
597 386 855 445 admirari
878 385 1092 460 liberet,
1116 386 1175 443 in
1200 389 1443 445 homine
1462 385 1569 445 ess‘e

347 477 605 530 Romano
621 487 826 530 tantam
843 469 1335 550 scientiam)usque
1352 494 1389 530 a
1404 476 1569 531 Tha-

347 556 400 616 le
415 553 626 618 M'ilefio
641 557 711 617 de
733 573 933 616 natura
946 557 1176 616 deorum
1192 557 1568 638 philosopho-

347 663 471 704 rum
486 643 804 704 sententias.
830 641 1094 704 omnesne
1107 646 1207 702 tibi
1228 642 1311 703 illi
1326 645 1577 704 delirare·

346 728 448 790 vifi
462 728 708 813 sunt‚qui
717 730 830 788 fine
844 732 1099 790 manibus
1108 745 1165 789 et
1180 731 1421 809 pedibus
1432 752 1577 791 con-

325 849 330 854 ·
349 815 486 876 stare
497 817 660 876 deum
669 815 818 897 poffe
829 815 1193 877 decreverunt
1200 818 1300 877 ?ne
1314 821 1431 878 hoc
1446 819 1571 897 qui-

347 902 476 962 dem
501 924 610 964 vos
639 919 853 979 movet,
874 893 1301 979 considerantes,
1324 924 1481 983 quae
1508 903 1574 962 fit

348 990 582 1066 utilitas,
603 1010 855 1070 quaeque
884 991 1277 1070 opportunitas
1301 991 1365 1049 in
1381 992 1573 1050 homi-

349 1097 424 1136 ne
437 1079 892 1152 membrorummt
898 1076 1448 1154 Jud1cens,membns
1467 1080 1572 1136 hu·

349 1165 532 1226 manis
548 1161 682 1222 deos
715 1159 837 1222 non
860 1163 1047 1241 egere?
1080 1162 1215 1242 quid
1236 1163 1393 1222 enim
1410 1163 1573 1242 pedi·

349 1252 453 1310 bus
469 1270 612 1331 opus
627 1248 701 1308 est
715 1248 827 1310 sme
839 1247 1107 1328 ingreffu?
1132 1249 1268 1329 quid
1282 1252 1573 1325 manibus,

347 1336 392 1396 fi
409 1336 546 1398 nihil
565 1335 1172 1418 comprehendendum?
1198 1335 1335 1414 quid
1350 1335 1573 1416 reiiqua

347 1423 714 1504 descriptione
735 1424 988 1482 omnium
1010 1423 1262 1502 corporis
1292 1426 1571 1502 partium,

336 1505 412 1570 ‘in
431 1531 540 1591 qua
554 1510 696 1570 nihil
709 1513 900 1584 inane,
924 1509 1065 1571 nihil
1086 1506 1199 1568 fine
1210 1506 1395 1583 causa,
1420 1510 1571 1568 nihil

347 1595 808 1679 supervacaneum
817 1595 920 1656 est?
946 1597 1131 1676 itaque
1146 1593 1303 1654 nulla
1324 1615 1415 1654 ars
1434 1598 1571 1654 imi-

348 1688 453 1743 tari
469 1684 744 1745 solertiam
759 1699 987 1743 naturae
1000 1679 1197 1762 potest.
1215 1683 1441 1741 habebit
1456 1683 1568 1762 igi-

345 1785 444 1830 tur
457 1771 698 1846 linguam
713 1769 870 1846 deus,
893 1784 949 1828 et
966 1789 1089 1828 non·
1101 1769 1358 1848 loquetur
1373 1791 1391 1827 ε
1414 1769 1566 1828 den-

348 1874 462 1933 te8‚
483 1857 750 1937 palatum,
779 1851 991 1932 fauces,
1020 1853 1231 1914 nullum
1260 1855 1337 1914 ad
1360 1851 1563 1916 usum·

349 1963 602 2024 quaeque
616 1945 1018 2030 procreationis
1034 1942 1199 2002 causa
1214 1957 1413 2002 natura
1429 1963 1565 2002 cor-

222 2098 229 2105 ,
348 2051 476 2112 pon
457 2029 730 2106 affinxit,
741 2051 806 2090 ea
817 2024 1010 2090 frustra
1024 2031 1248 2089 habebit
1260 2027 1427 2088 d'eus·
1458 2051 1565 2089 nec

349 2132 579 2176 externa
591 2119 788 2196 magis,
804 2116 1273 2203 quaminteriora,
1288 2137 1409 2191 cor,
1434 2116 1563 2196 pul·

349 2223 570 2282 mones„
585 2203 766 2281 jecur,
782 2219 1025 2277 caetera3
1053 2223 1214 2282 quae,
1236 2201 1481 2263 detradka
1494 2224 1560 2262 ιι-

347 2291 706 2368 uhtate,qu1d
722 2293 924 2350 habent
938 2287 1259 2348 venustatis.
1246 2289 1266 2330 Ρ
1294 2289 1554 2368 quando-

353 2376 576 2456 quidem
591 2381 723 2436 haec
735 2376 869 2436 effe‘
854 2397 914 2434 m
930 2375 1035 2434 deo
1060 2390 1288 2456 propter
1308 2375 1553 2454 pulchri-

277 2463 282 2469 ’
353 2463 600 2528 tudinem
623 2463 814 2526 vultis.
862 2459 1039 2524 istisne
1061 2462 1291 2524 fidentes
1320 2459 1550 2524 somniis
