1684 3084
393 178 682 237 LrnER
723 178 1103 238 vlumus,
1286 172 1366 259 39

143 290 346 339 mente
361 276 708 355 conceperim
734 277 935 354 quibus
952 274 1268 352 illustratuS,
1284 276 1368 339 sa-

143 364 368 445 pientia
379 360 540 436 duce,
555 364 768 421 bonum
783 364 987 437 virum,
996 378 1053 421 et
1067 366 1143 423 ob
1154 384 1272 423 eam
1289 366 1372 444 ip-

76 478 132 520 23
151 448 274 512 sam
294 445 508 510 eausam
524 462 712 507 cernat
727 446 780 507 se
792 449 1014 507 beatum
1030 447 1172 510 fore.
1220 454 1373 509 Nam

150 558 294 597 eum
307 537 494 595 auimu
501 534 792 612 s‚cognitis
806 532 1181 615 perceptisque
1191 538 1369 596 virtu·

143 625 333 695 tibus,
365 642 402 681 a
421 622 676 700 corporis
707 618 980 699 obsequio
1003 621 1370 699 imiulgentia-

147 728 268 788 que
301 704 614 781 discesserit,
633 706 1109 785 voluptatemque,
1130 706 1265 767 ficut
1286 704 1372 765 la·-

147 797 295 855 bem*
317 794 556 871 aliquam
585 792 826 867 decoris,
866 792 1207 873 oppresserit,
1245 814 1371 853 om·

149 900 409 958 nemque
435 880 634 937 mortis
663 876 982 957 dolorisque
1006 881 1261 939 timorem
1289 877 1370 939 ef-

152 965 401 1044 fugerit,
441 962 866 1042 societatemque
901 966 1143 1024 caritatis
1174 966 1371 1026 coierit

153 1073 294 1115 eum
317 1050 450 1125 suis,
472 1048 769 1130 omnesque
791 1064 991 1109 natura
1012 1050 1372 1127 conjuneios,

153 1138 292 1199 suos
309 1138 553 1210 duxerit,
575 1136 893 1215 cultumque
912 1137 1167 1212 deorum,
1188 1152 1245 1197 et
1266 1157 1369 1216 pu·

151 1246 282 1285 ram
297 1223 618 1302 religionem
632 1220 997 1303 susceperit‚et
1010 1224 1287 1285 exacuerit
1299 1222 1368 1283 il·

151 1310 298 1385 lam,
319 1327 386 1369 ut
406 1308 718 1384 oculorum,
739 1307 812 1367 fic
841 1311 1053 1387 ingenii
1078 1311 1283 1385 aciem,
1298 1307 1370 1369 ad

152 1399 316 1459 bona
327 1393 637 1473 deligenda,
655 1408 714 1453 et
737 1394 1032 1471 rejicienda
1057 1396 1366 1454 emittar-iat

155 1503 310 1565 quae
333 1483 513 1541 virtus
535 1501 605 1539 ex
629 1479 975 1560 providendo
1004 1479 1080 1539 est
1102 1479 1370 1560 appellata

153 1567 496 1651 prudentiax
519 1565 654 1646 quid
683 1588 753 1626 eo
783 1566 916 1641 dici,
940 1582 1035 1625 aut
1064 1566 1369 1643 excogitari

154 1656 378 1739 poterit
405 1652 646 1713 beatius?
691 1651 951 1733 idemque
978 1672 1105 1712 cum
1135 1651 1366 1728 caelum,

114 1758 368 1831 ..e-23:133,
389 1742 579 1815 maria,
603 1758 895 1819 rerumque
924 1738 1175 1800 omnium
1204 1754 1369 1799 natu-

157 1850 289 1889 ram
312 1824 671 1907 perspexerit,
707 1824 1061 1904 eaqueunde
1080 1842 1372 1904 generata,

158 1917 290 1995 quo
307 1927 610 1987 recurrant,
623 1912 871 1991 quando,
878 1932 995 1991 quo
1008 1912 1177 1972 modo
1192 1913 1375 1971 obitu-

163 2021 256 2076 ra,
277 2000 414 2080 quid
426 2001 488 2059 in
501 2000 572 2058 iis
594 1998 824 2059 mortale
845 2015 905 2057 et
922 1997 1212 2072 cadmum,
1234 1993 1371 2076 quid

165 2086 424 2148 divinum
437 2100 826 2163 aeternumque
839 2083 927 2160 fit,
940 2082 1369 2163 viderit,ipsum-

167 2194 282 2255 que
305 2192 372 2232 ea
397 2170 773 2231 moderantem
803 2186 864 2228 et
889 2184 1168 2245 regentem
1197 2187 1371 2247 paene

165 2258 546 2341 prehenderit,
561 2254 776 2335 seseque
789 2276 911 2315 non
926 2257 1053 2313 unis
1068 2253 1369 2313 circumda·

168 2362 294 2405 tum
313 2344 629 2417 moenibus,
652 2340 971 2421 popularem
993 2339 1225 2416 alicujus
1238 2339 1373 2398 defi·

169 2433 278 2491 niti
307 2430 440 2505 loci,
462 2428 554 2489 sed
583 2430 760 2489 civem
782 2429 958 2487 totius
978 2426 1196 2500 mundi,
1224 2424 1373 2505 quasi

171 2519 340 2581 unius
353 2518 526 2595 urbis,
539 2514 849 2594 agnoverit:
863 2514 927 2573 in
940 2516 1043 2573 hae
1056 2510 1144 2573 ine
1158 2511 1374 2587 magni-
