1684 3084
337 181 623 238 LIBER
664 179 1167 238 SECUNDUS·
1287 177 1362 253 63

152 279 486 366 pontificum
496 278 1143 358 negligentiadiffolutum
1157 279 1366 359 estjam

152 368 291 430 illud
322 387 397 427 ex
417 366 676 426 institutis
700 366 1028 446 pontificum
1043 383 1099 428 et
1118 367 1362 448 haruspi-

136 467 281 516 -cun'1
313 474 439 514 non
468 451 793 512 mutandum
822 451 918 528 est,
943 455 1140 532 quibus
1171 453 1362 514 hostiis

136 538 561 602 ,immolandum
576 540 775 618 cuique
788 538 918 613 deo,
939 539 1028 598 cui
1042 539 1150 616 maj
1157 541 1366 617 oribus,

152 630 245 688 cui
259 627 440 686 laiten
446 627 591 686 tibus
592 627 705 700 ,cui
719 627 1070 702 maribus,cui
1083 625 1362 688 foeminis.

152 713 347 795 plures
377 726 559 770 autem
588 709 816 772 deorum
847 713 1126 786 omnium,
1171 710 1364 789 finguli

152 797 497 876 singulorum
510 793 811 857 sacerdotes
815 813 892 872 ,et
905 797 1266 880 respondendi
1274 799 1367 876 ju-

144 889 318 960 .riS,et
334 882 771 943 confitendamm
787 883 1118 964 religionum
1132 883 1362 956 faculta-

160 987 274 1032 tem
288 968 551 1030 afferunt.
580 989 814 1049 cumque
831 967 1018 1044 Vesta,
1042 969 1188 1049 quafi
1201 968 1360 1030 focus

146 1059 341 1133 urbis,
376 1072 445 1116 ut.
470 1061 687 1115 Graeco
717 1056 948 1116 nomine
971 1053 1045 1114 est
1072 1053 1362 1136 appellata,

150 1141 347 1224 (quod
375 1163 483 1202 nos
512 1163 686 1222 prope
714 1142 864 1202 idem
891 1149 1162 1202 Graecum
1190 1145 1363 1202 inter·

152 1245 436 1312 ,pretatum
452 1247 658 1288 nomen
675 1233 954 1304 tenemus)
969 1225 1258 1308 conspefita
1270 1227 1360 1304 fit3

155 1318 213 1379 sei
235 1314 499 1378 colendae
524 1315 770 1392 virgines
794 1313 1054 1393 praefint,
1075 1329 1138 1372 ut
1153 1312 1362 1391 advigi-

160 1401 309 1463 letur
320 1399 535 1462 facilius
548 1399 617 1460 ad
626 1397 926 1460 custodiam
940 1401 1091 1479 ignis
1094 1443 1114 1475 ‚
1127 1414 1182 1458 et
1197 1395 1363 1459 senti·

158 1503 263 1550 ant
277 1486 530 1548 mulieres
546 1488 607 1546 in
633 1501 831 1546 natura
852 1484 1217 1546 foeminarum
1239 1507 1366 1546 om-

158 1593 293 1636 nem
304 1570 603 1634 castitatem
616 1574 751 1652 pati.
779 1570 934 1651 quod
949 1571 1191 1652 sequitur
1205 1591 1368 1648 vero,

160 1681 286 1733 non
319 1656 497 1719 solum
525 1656 594 1717 ad
623 1657 962 1736 religionem
977 1658 1240 1737 pertinet,
1273 1656 1364 1720 sed

161 1748 332 1807 etiam
347 1743 417 1804 ad
432 1744 671 1804 civitatis
692 1742 911 1819 statum,
931 1759 996 1802 ut
1020 1741 1134 1803 fine
1147 1745 1238 1820 iis,
1265 1746 1366 1824 qui

163 1831 329 1892 sacris
344 1830 557 1913 publice
568 1828 1106 1911 praesunt,religioni
1121 1832 1368 1910 privatae

164 1917 475 1980 satisfacere
494 1936 615 1976 non
646 1917 867 1996 possint.
914 1918 1169 1978 continet
1189 1919 1368 1992 enim,

164 2003 495 2086 reipublicae
522 2002 751 2064 confixio
778 2018 836 2062 et
873 2003 1192 2062 auctoritate
1217 2003 1370 2083 opti·

164 2091 397 2152 matium
410 2088 619 2170 semper
638 2088 908 2169 populum
935 2086 1202 2165 indigere.
1249 2087 1370 2165 deff

164 2177 477 2256 criptioque
484 2172 827 2235 sacerdotum
840 2173 1055 2232 nullum
1066 2171 1241 2250 justae
1247 2171 1372 2232 reli·

164 2264 351 2341 gionis
366 2280 541 2340 genus
563 2259 966 2340 praetermittit.
1013 2277 1143 2317 nam
1158 2255 1283 2316 sunt
1297 2257 1370 2320 ad

164 2347 467 2428 placandos
489 2346 622 2405 deos
646 2345 740 2404 alii
761 2344 1064 2419 constituti,
1089 2344 1184 2422 qui
1205 2341 1370 2406 sacris

165 2433 402 2514 praesint
412 2429 754 2492 solennibus:
772 2430 841 2490 ad
855 2429 1262 2510 interpretanda
1277 2429 1370 2490 alii

166 2518 441 2602 praedicta
464 2533 693 2594 vatum3
730 2537 910 2599 neque
937 2516 1262 2590 multorum,
1297 2534 1374 2576 ne
