1684 3084
292 181 375 246 66
580 179 709 236 DE
752 177 1214 238 LEGIBUS·

288 279 393 344 stas
406 299 475 340 ea
490 294 641 340 certa
656 275 759 336 effe
780 273 1046 336 docuiffiet
1057 297 1076 334 ε
1101 295 1210 335 nec
1223 295 1368 337 vero
1387 285 1506 340 Ro·

289 366 476 426 mulus
498 362 678 424 noster
700 361 980 444 auspicato
1001 364 1194 422 urbem
1217 365 1508 425 condidifi-

292 449 395 528 stt,
416 471 597 531 neque
626 451 769 510 Attii
798 450 1206 510 Naviinomen
1227 454 1504 512 memoria

294 539 515 600 floreret
542 553 657 598 tam
680 536 804 612 diu,
822 534 924 595 nifi
937 537 996 594 hi
1011 555 1208 596 omnes
1234 536 1418 596 multa
1431 539 1506 599 ad

294 627 580 684 veritatem
595 621 937 682 admirabilia
955 619 1240 682 dixiss'ent.
1287 621 1384 684 sed
1397 625 1510 684 du-

291 713 443 774 bium
458 731 575 770 non
588 706 685 784 est,
706 709 847 787 quin
867 711 1003 768 haec
1023 705 1315 788 disciplina
1335 727 1398 770 et
1411 733 1508 772 ars

295 816 561 876 augurum
588 795 878 854 evanuerit
907 797 1026 872 jam
1056 809 1114 852 et
1141 794 1420 856 vetustate
1443 813 1508 856 et

295 881 652 962 negligentia.
697 881 886 960 itaque
909 881 1088 960 neque
1111 881 1194 939 illi
1210 880 1510 960 assentior,

296 972 395 1050 qui
409 971 551 1028 hanc
564 967 598 1028 s
590 968 850 1028 cientiam
867 983 1032 1044 negat
1045 987 1296 1046 unquam
1311 970 1380 1028 in
1393 991 1510 1030 no-

295 1053 405 1116 stro
421 1055 657 1134 collegio
670 1051 821 1114 fuiffit
834 1075 854 1112 ε
878 1073 1057 1132 neque
1081 1053 1186 1127 illi,
1209 1057 1312 1134 qui
1323 1055 1434 1115 ess'e
1448 1078 1514 1115 e-

297 1143 433 1202 tiam
448 1163 599 1200 nunc
614 1156 793 1220 putat.
810 1159 951 1218 quae
966 1141 1100 1198 mihi
1115 1139 1338 1200 videtur
1353 1143 1510 1222 apud

297 1227 535 1306 majores
559 1226 711 1286 fuiffe
733 1226 1046 1306 dupliciter,
1067 1241 1130 1284 ut
1143 1226 1216 1286 ad
1231 1229 1506 1307 reipubli-

296 1336 393 1378 cae
406 1331 621 1395 tempus
630 1313 1132 1392 nonnunquam,ad
1145 1314 1352 1392 agendi
1365 1337 1512 1375 con-

296 1399 473 1460 filium
487 1399 775 1480 saepiffime
788 1401 1108 1480 pertineret.
1145 1407 1196 1458 A
1206 1422 1244 1460 τ
1255 1422 1294 1460 τ
1309 1422 1327 1460 1
1345 1421 1378 1462 c
1393 1421 1436 1460 υ
1448 1423 1514 1464 s..

298 1485 487 1563 erede,
502 1486 702 1562 hercle,
725 1489 804 1544 ita
816 1484 946 1562 effe,
961 1484 1152 1564 istique
1171 1489 1380 1548 rationi
1395 1509 1512 1567 po-

298 1573 549 1638 tiffimum
587 1571 868 1632 assentior.
929 1571 1020 1632 sed
1057 1571 1222 1632 redde
1258 1591 1502 1636 caetera.

297 1665 547 1721 Manet]
562 1681 613 1720 s.
648 1658 874 1720 reddam
895 1678 1054 1736 vem,
1089 1675 1169 1735 et,
1206 1659 1246 1720 fi
1274 1677 1506 1741 potere,

296 1747 476 1822 brevi.
616 1747 872 1824 Sequitur
900 1748 1048 1806 enim
1077 1745 1146 1805 de
1175 1746 1304 1824 jure
1333 1748 1500 1810 belli:
1526 1766 1584 1814 14

297 1832 359 1892 in
374 1851 489 1912 quo
504 1846 561 1890 et
581 1829 944 1911 suscipiendo,
967 1849 1024 1892 et
1043 1834 1308 1910 gerendo,
1329 1851 1389 1894 et
1403 1835 1512 1895 de-

294 1918 585 1999 ponend0,
599 1918 695 1996 jus
710 1934 773 1978 ut
788 1918 1083 2000 plurimum
1097 1919 1324 1997 valet,et
1337 1919 1516 1984 fidesae

296 2009 607 2085 horumque
633 2017 697 2063 ut·
719 2005 926 2085 publici
955 2007 1282 2086 interpretes
1303 2005 1512 2086 essent,

297 2089 417 2170 lege
431 2087 724 2151 sancimus.
764 2091 885 2168 jam
911 2090 980 2152 de
1002 2091 1345 2173 haruspicum
1370 2095 1509 2155 reli·

297 2179 487 2257 gione,
510 2175 577 2237 de
591 2177 1002 2253 expiationibus
1019 2193 1074 2236 et
1087 2183 1506 2258 procurationi·

296 2267 399 2332 bus
416 2263 543 2324 satis
560 2262 823 2344 superque
838 2263 898 2321 in
915 2263 1028 2344 ipsa
1041 2264 1160 2342 lege
1173 2265 1381 2328 dietum
1397 2287 1506 2348 pu-

299 2367 384 2416 to.
430 2356 526 2407 Ar
541 2370 576 2408 τ
588 2368 653 2408 ιο
666 2369 705 2428 gs
720 2370 769 2408 s·
788 2347 1070 2427 assentior,
1093 2349 1358 2430 qu⁰oniam
1377 2375 1514 2415 om·-

298 2431 389 2511 ssxia
424 2435 560 2496 haec
594 2435 658 2505 iq
695 2434 966 2510 religione
1009 2436 1254 2496 versatur
1290 2442 1504 2504 oratio.¹

296 2523 401 2594 ΜΔ
410 2537 451 2578 R
462 2537 495 2578 c
507 2536 546 2578 u
559 2537 585 2587 s
594 2560 611 2578 .
636 2533 705 2582 at.
722 2523 1040 2604 verofluod
1060 2521 1323 2606 sequitur,
1335 2595 1341 2600 ¹
1353 2546 1510 2610 quo-
