1684 3084
346 148 431 211 68
562 120 681 205 nri
708 146 923 203 NAT.
953 144 1333 205 DEoRuM

345 262 451 309 tes.
498 268 704 329 quaero
734 248 924 323 igitur,
954 244 1128 306 vester
1155 244 1294 306 deus
1314 242 1558 327 primtim

344 336 441 395 ubi
456 336 689 393 habitet:
712 332 912 393 deinde
936 352 1076 413 quae
1099 330 1255 391 causa
1279 354 1416 393 eum
1431 334 1559 393 loco

344 435 597 493 moveat3
644 418 683 479 fi
714 418 890 479 modo
920 433 1179 479 movetur
1213 416 1557 499 aliquando:

346 504 643 589 postremo,
655 524 777 565 cum
793 508 902 564 hoc
915 506 1202 586 proprium
1217 504 1286 564 fit
1299 506 1560 566 animan·

348 595 513 668 tium,
534 608 597 652 ut
610 590 819 671 aliquid
832 606 1117 671 appetant,
1140 591 1297 670 quod
1311 589 1382 651 fit
1397 608 1562 652 natu-

349 700 445 740 rae
456 678 934 738 accommodatum
949 701 970 751 3
993 676 1128 738 deus
1143 678 1284 757 quid
1300 694 1559 759 appetam

350 764 421 825 nd
436 784 601 843 qnam
616 764 856 843 denique
871 784 986 823 rem
999 778 1158 823 motu
1173 766 1384 823 mentis
1397 787 1465 827 ac
1479 786 1564 825 ra·

350 851 525 911 tionis
540 864 746 910 utatur.
792 848 1090 929 postremo,
1113 870 1228 929 quo
1243 850 1426 913 modo
1439 854 1564 911 bea·

352 950 443 999 tus
456 934 543 1013 fit,
566 956 682 1016 quo
696 934 868 996 modo
891 951 1164 995 aeternus,
1203 936 1566 1017 quidquide-

342 1025 475 1085 mim
486 1024 689 1083 h'orum'
708 1024 980 1101 attigeris,
1003 1021 1160 1082 ulcus
1181 1021 1278 1082 est.
1327 1024 1416 1083 ita
1427 1024 1568 1084 male

356 1107 605 1172 instituta
632 1110 775 1169 ratio
796 1111 1011 1169 exitum
1041 1111 1276 1189 reperire
1317 1130 1447 1171 non
1469 1131 1570 1192 po·

358 1194 478 1257 test.
523 1194 595 1255 fic
606 1196 754 1256 enim
769 1193 1010 1269 dicebas,
1033 1193 1260 1276 speeiem
1281 1194 1374 1256 dei
1391 1198 1570 1278 perci·

359 1285 419 1367 pi
434 1283 797 1362 cogitatione,
818 1302 942 1342 non
958 1279 1144 1342 sensu.
1169 1302 1274 1342 nee
1305 1280 1451 1342 effe·
1433 1304 1573 1343 mea

358 1368 529 1429 ullam
542 1367 889 1445 soliditatem,
919 1388 1103 1451 neque
1123 1368 1356 1429 eandem
1367 1370 1450 1431 ad
1467 1388 1574 1431 nu·

360 1477 575 1517 merum
597 1458 936 1538 permanere,
959 1476 1188 1537 eamque
1207 1454 1317 1515 effe
1335 1455 1469 1535 ejus
1493 1458 1575 1517 vi-

346 1539 594 1621 ‘fionem,
610 1558 673 1603 ut
687 1540 1039 1603 fimilitu'dine
1053 1546 1114 1603 et'
1125 1540 1456 1604 tranfitione
1465 1544 1578 1605 ’ωε-

363 1645 551 1706 natur,
566 1650 747 1711 neque
760 1628 978 1690 deficiat
991 1628 1235 1710 unqnm
1249 1650 1323 1689 ex
1335 1628 1580 1690 infinitis

360 1718 690 1797 corporibus
704 1715 958 1776 similium
971 1716 1212 1777 aceeffioe
1229 1736 1302 1777 ex
1316 1737 1506 1797 eoque
1519 1716 1580 1777 fi-

353 1804 535 1878 ·tri,ut
545 1804 607 1862 in
621 1806 754 1863 haec
768 1806 984 1863 intenta
997 1806 1156 1863 mens
1163 1801 1348 1864 nostra
1361 1804 1580 1865 beatam

362 1890 515 1953 illam
558 1894 811 1951 naturam
860 1906 917 1949 et
966 1889 1349 1971 sempiternam
1393 1904 1577 1970 putet.
1661 1888 1663 1941 f

367 1984 621 2058 H0c‚per
631 1975 779 2059 ipsos
795 1975 954 2052 deoS,
969 1975 1037 2035 de
1051 1978 1249 2055 quibus
1265 1974 1579 2056 loquimur,
1601 1988 1638 2043 33

366 2064 530 2143 quale
546 2062 767 2129 tandem
780 2062 884 2121 est?
897 2083 1028 2122 nam
1043 2062 1082 2124 fi
1097 2061 1497 2122 tantummodo
1513 2062 1581 2123 ad
1661 2104 1663 2107 ι

368 2152 767 2229 cogitationem
798 2147 1008 2224 valent,
1041 2170 1146 2209 nee
1169 2147 1340 2208 ullam
1369 2150 1582 2209 habent

372 2235 826 2311 soliditatemffiec
840 2236 1193 2295 eminentiam
1206 2257 1224 2308 3
1243 2234 1384 2318 quid
1398 2229 1581 2295 inter?-

372 2321 471 2395 est,
503 2337 691 2379 utrum
711 2321 779 2380 de
798 2322 1258 2400 hippocentauro,
1293 2340 1367 2379 an
1383 2320 1458 2380 de
1473 2320 1580 2381 deo

370 2406 707 2481 cogitemus?
740 2426 962 2465 omnem
983 2407 1148 2465 etiam
1171 2405 1334 2465 talem
1349 2406 1580 2467 eonfor-

374 2490 675 2556 mationem
690 2490 860 2549 animi
889 2493 1090 2552 caeteri
1111 2490 1428 2575 philosophi
1459 2512 1581 2553 mo·
