1684 3084
315 198 608 259 LIBER
659 198 756 255 SE
781 196 1179 258 CUNDUS.
1278 202 1378 276 ’87

167 296 192 333 ‘
217 298 450 358 triduo.'
496 302 678 376 neque
698 296 756 355 id
773 316 943 375 opere
962 300 1193 356 tectorio
1212 308 1380 359 ’exor-

161 388 310 459 nari,
334 404 438 443 nec
454 390 688 443 Hermas
703 385 831 455 hot»,
848 402 991 461 quos
1009 399 1236 461 vocant,
1250 384 1379 445 lice-

161 472 258 531 bat
271 472 486 549 imponi
507 492 525 542 3
553 490 657 529 nec
670 468 740 527 de
755 471 963 527 mortui
986 468 1164 544 laude,
1192 469 1293 529 nifi
1314 472 1376 531 in

161 556 394 637 publicis
416 553 744 634 sepulturis;
771 574 875 613 nec
899 556 966 613 ab
988 554 1123 629 alio,
1146 555 1245 615 nifi
1278 560 1375 637 qui

162 642 380 721 publice
393 640 462 700 ad
477 662 598 699 eam
613 660 730 700 rem
747 640 1077 701 constitutus
1094 640 1245 717 effet,
1266 643 1376 705 dici

161 728 378 789 licebat.
426 724 634 786 sublata
654 728 819 787 etiam
841 742 960 787 erat
980 727 1265 787 celebritas
1288 731 1375 790 vi·

159 835 354 874 rorum
371 834 434 874 ae
451 814 759 887 mulierum,
784 832 901 891 quo
924 813 1247 874 lamentatio
1268 804 1401 875 mi·x

161 917 443 960 nueretur.
492 902 654 959 habet
675 901 826 959 enirn
848 899 1053 959 ludium
1076 900 1374 963 concursus

155 987 472 1047 hominum.
497 988 756 1065 quocirca
771 987 1015 1045 Pittacus
1032 988 1269 1046 omnino
1284 1009 1373 1047 ae·

161 1071 350 1133 cedere
359 1089 688 1152 quemquam
697 1084 851 1139 vetat
860 1074 921 1131 in
935 1070 1107 1131 fimus
1114 1072 1370 1135 alioruin.

160 1156 250 1219 sed
267 1160 344 1217 ait
362 1157 544 1219 rursus
559 1159 706 1219 idem
721 1159 1060 1233 Demetrius,
1090 1159 1373 1219 increbru-

155 1242 254 1307 iss‘e
267 1266 389 1305 eam
401 1243 657 1305 funerum
674 1243 1149 1323 sepulcrorumque
1162 1248 1375 1324 magni·-

159 1331 463 1405 ficentiam,
507 1326 654 1411 <fuae
687 1352 838 1391 nunc
876 1330 998 1391 sere·
1028 1337 1235 1391 Romae
1269 1330 1364 1393 est.

150 1438 326 1497 quam
343 1416 788 1477 consuetudinem
803 1417 921 1493 lege
932 1419 1135 1477 minuit
1146 1416 1369 1497 ipse.fu-

157 1505 206 1563 it
217 1506 370 1565 enim
383 1506 474 1565 hic
486 1506 598 1579 vir,
619 1519 684 1563 ut
707 1501 879 1578 scitis,
904 1524 1021 1563 non
1047 1502 1220 1563 soluin
1244 1520 1367 1564 eru·-

153 1587 568 1665 ditissimus,sed
583 1592 744 1649 etiam
759 1591 901 1649 civis
918 1611 947 1649 e
964 1590 1235 1669 republica
1249 1612 1367 1651 ma-

145 1680 330 1752 xime,
353 1675 696 1756 tuendaeque
725 1677 969 1735 civitatis
1000 1675 1363 1755 peritissimus.

155 1762 252 1823 iste
281 1766 452 1841 igitur
489 1761 766 1845 sumptum
801 1764 1002 1822 minuit
1036 1782 1156 1823 non
1189 1760 1363 1823 solum

153 1872 359 1932 poena,
381 1848 472 1909 sed
489 1852 654 1910 etiam
667 1864 916 1930 tempore
931 1871 948 1909 ε
974 1864 1103 1909 ante
1116 1846 1291 1908 lucem
1306 1870 1364 1908 e·

121 1982 132 1999 κ
154 1940 275 1997 nim
291 1937 442 2014 juffit
463 1935 667 1996 efferri.
714 1935 967 2017 sepulcris
990 1951 1169 1995 autem
1190 1937 1359 1995 novis

150 2022 339 2084 finivit
361 2021 618 2083 modum:
645 2044 774 2083 nam
796 2022 953 2103 super
974 2036 1149 2081 terrae
1178 2035 1361 2079 tumu-

147 2109 270 2170 lum
301 2110 486 2170 noluit
515 2109 650 2189 quid
671 2106 854 2183 statui,
887 2106 988 2167 nifi
1016 2106 1361 2167 columellam

145 2198 330 2257 tribus
359 2196 558 2257 cubitis
587 2216 660 2255 ne
683 2194 955 2268 altiorem,
978 2208 1073 2253 aut
1093 2191 1357 2268 mensam,

62 2326 71 2332 -
142 2298 252 2343 aut
265 2283 600 2344 labellumzet
613 2284 740 2341 huic
755 2280 1134 2363 procurationi
1147 2294 1359 2339 certum

127 2368 524 2448 ‚magistratum
544 2368 897 2451 praefecerat.
944 2370 1077 2425 haec
1092 2368 1261 2443 igitur
1278 2371 1358 2424 A-

151 2455 466 2515 thenienses
481 2458 583 2515 tui.
629 2453 720 2514 sed
741 2456 1022 2515 videamus
1046 2452 1364 2527 Platonem,

150 2542 256 2623 qui
275 2540 424 2621 justa
450 2542 704 2607 funerum
723 2541 912 2622 rejicit
940 2538 1009 2602 ad
1029 2539 1355 2620 interpretes
