1684 3084
368 150 653 208 LIBER
696 153 1068 210 numus.
1259 165 1330 226 ις

140 248 281 330 quid
296 248 371 310 est
382 266 587 326 autem,
600 271 721 310 non
736 249 916 312 dioem
930 254 990 312 in
1005 251 1348 326 homine,sed

138 340 205 396 in
220 340 377 396 omni
392 337 543 396 caelo
552 353 719 415 atque
733 354 900 413 terra,
911 339 1128 398 ratione
1141 339 1345 398 divini-

138 423 237 482 us?
266 443 407 501 quae
420 443 547 484 eum
562 423 805 484 adolevit
826 439 992 503 atque
1007 423 1242 504 perfeeta
1253 423 1348 499 est,

136 510 463 570 nominatur
474 510 581 568 rite
594 508 878 588 sapientia.
906 509 986 570 est
999 513 1168 590 igitur
1181 507 1350 589 (quo-

135 596 295 656 niam
306 595 453 656 nihil
462 594 535 656 est
548 598 763 656 ratione
784 596 948 656 melin
955 617 1004 672 s,
1025 617 1196 675 eaque
1211 598 1344 659 etin

134 683 389 755 homine,
425 697 483 740 et
510 683 571 742 in
590 682 727 758 deo)
760 684 940 762 prima
967 685 1188 742 homini
1217 703 1346 744 cum

136 765 249 826 deo
270 768 505 828 rationis
528 767 779 828 societas·
824 771 970 830 inter
991 789 1138 849 quos
1161 783 1348 833 autem

136 853 457 928 ratic,inte'r
470 853 685 924 eosdem
696 856 863 914 etiam
879 861 1022 914 κᾶε
1035 857 1178 914 ratio
1193 877 1348 916 com-

132 941 327 1000 munis
342 939 437 1000 est.
484 959 625 1018 quae
636 960 763 998 cum
776 939 843 998 fit
856 940 972 1016 lex,
993 940 1110 1017 lege
1123 961 1347 1020 quoque

122 1023 443 1085 *consociati
458 1027 713 1088 homines
734 1045 860 1088 cum
881 1025 988 1086 diis
1010 1027 1244 1106 putandi
1259 1026 1346 1092 sue

132 1131 291 1174 mus.
338 1113 485 1170 inter
496 1131 639 1190 quos
653 1131 825 1190 porro
838 1111 918 1172 est
930 1114 1256 1176 communio
1265 1113 1348 1174 le-

136 1200 253 1274 gis,
274 1199 421 1258 inter
442 1219 537 1258 eos
560 1199 881 1259 communio
901 1199 1046 1276 juris
1075 1197 1171 1261 est.
1217 1202 1346 1278 qui·-

94 1281 103 1286 ’
136 1286 247 1342 bus
262 1299 441 1344 autem
454 1288 585 1344 haec
600 1282 727 1342 sunt
740 1285 886 1347 inter
901 1305 996 1344 eos
1007 1289 1345 1362 communia,

135 1384 195 1429 et
210 1371 449 1430 civitatis
462 1368 701 1447 ejusdem
714 1370 946 1430 habendi
963 1370 1108 1432 sunt.
1155 1370 1196 1430 fi
1208 1392 1344 1432 vero

136 1453 327 1517 iisdem
356 1459 599 1536 imperiis
638 1471 697 1514 et
732 1456 1086 1536 potestatibus
1122 1473 1343 1536 parent,

134 1542 319 1602 multo
332 1545 495 1602 etiam
508 1543 683 1620 magis
694 1561 886 1622 parent
899 1541 1028 1604 huid:
1037 1543 1244 1603 caelesti
1253 1543 1344 1603 de·-

136 1623 448 1707 scriptioni,
477 1630 761 1706 mentique
786 1629 1006 1690 divinae
1022 1645 1082 1688 et
1111 1649 1344 1710 praepo-

136 1715 281 1798 tgnti
296 1715 423 1776 deo·
471 1717 661 1794 utjam
674 1713 962 1774 univetsus
977 1718 1066 1776 hic
1080 1715 1344 1792 mundus,-

134 1821 251 1860 una
264 1802 461 1862 civitas
476 1802 789 1863 communis
808 1801 1042 1863 deorum
1055 1817 1220 1882 atque
1231 1805 1340 1862 ho·

133 1888 348 1948 minum
362 1888 718 1950 existimanda
732 1909 749 1946 ε
772 1904 829 1948 et
851 1887 1005 1968 quod
1019 1892 1082 1948 in
1097 1889 1338 1956 civitati·

134 1975 241 2034 bus
257 1977 473 2034 ratione
486 1974 749 2054 quadam,
767 1974 837 2034 de
860 1995 970 2054 qua
991 1975 1200 2037 dicetur
1215 1971 1348 2034 id0-'

135 2080 247 2118 neo
260 2059 799 2139 locossgnationibus
809 2061 1136 2122 familiarum
1149 2060 1339 2120 distin-

130 2163 378 2223 guuntur
394 2146 582 2221 statue,
604 2146 661 2206 id
680 2150 741 2206 in
764 2168 948 2206 rerum
962 2162 1160 2206 natura
1175 2161 1336 2206 tanto

131 2231 211 2292 est
222 2233 683 2311 magnificentius,
706 2247 974 2311 tantoque
987 2230 1340 2313 praeclarius,
1363 2247 1368 2252 “

130 2334 199 2376 ut
226 2321 479 2380 homines
506 2319 735 2378 deorum
767 2321 1068 2398 agnatione
1095 2334 1153 2376 et
1172 2333 1337 2396 gente

86 2403 113 2448 8
132 2419 447 2466 teneantur.
583 2411 727 2464 Nam
750 2427 876 2466 cum
889 2405 957 2466 de
973 2421 1170 2464 natura
1179 2407 1336 2464 omni

128 2492 434 2572 quaeritur,
455 2488 717 2572 disputari
730 2490 868 2556 solet
881 2493 975 2566 (ςῑ,
981 2492 1244 2555 nimirum
1257 2492 1340 2552 ita
