1684 3084
370 145 651 204 'LIBER
692 141 1114 206 TERTIUS.
1221 151 1345 230 209

130 269 323 332 quare·
348 249 513 328 igitur
552 247 738 330 plures
775 245 1132 327 adjungimus
1168 247 1304 310 deos
1319 251 1350 312 ἓ

129 352 351 422 quanta
364 352 545 397 autem
559 334 634 396 est
646 356 840 396 eorum
859 334 1190 397 multitudo?
1212 339 1348 399 mihi

128 425 364 507 quidem
376 422 505 485 sane
526 423 689 485 multi
710 422 991 484 videntur.
1035 421 1272 503 lingulas
1288 447 1348 487 e·

129 515 257 596 nim
272 512 447 572 stellas
462 531 719 572 numeras
732 509 894 586 deos,
909 507 1112 592 eosque
1127 527 1222 572 aut
1235 513 1349 574 bel-

126 599 363 662 luarum
375 600 607 661 nomine
632 597 897 680 appellas,
917 615 982 658 ut
1005 603 1262 680 Capram,
1283 615 1351 661 ut

128 692 381 769 Nepam,
394 703 459 748 ut
472 693 748 763 Taurum,
765 702 833 746 ut
844 691 1097 748 Leonem
1109 708 1128 747 e
1147 703 1244 747 aut
1259 709 1346 749 re·

127 795 263 836 mm
286 776 732 850 inanimatas-um,
754 789 825 834 ut
850 780 1031 854 Argo,
1053 789 1127 858 ut
1149 782 1354 854 Aram,-

126 877 200 922 ut
222 867 531 924 Coronam.
578 860 669 924 sed
694 878 761 922 ut
779 865 916 922 haec
945 861 1345 942 concedantur,

123 949 349 1030 reliqua
378 953 477 1030 qui
502 948 729 1010 tandem
752 969 870 1008 non
894 948 1065 1008 modo
1093 951 1358 1031 concedi,

122 1034 227 1098 sed
243 1038 483 1098 omnino
498 1036 733 1116 intelligi
745 1033 1126 1117 poffunt?cum
1137 1035 1347 1116 fruges,

123 1130 426 1201 Cererem,
486 1125 683 1186 vinum
693 1166 716 1201 ,
774 1125 1038 1184 Liberum
1073 1123 1307 1185 dicimus
1323 1165 1347 1202 ,

123 1232 335 1292 genere
350 1231 459 1273 nos
482 1211 708 1293 quidem
737 1206 1004 1271 sermonis
1022 1214 1228 1272 utImur
1243 1211 1355 1274 ufi-

124 1314 289 1371 tatoz
314 1298 409 1360 sed
425 1307 661 1380 ‘ecquem
688 1314 803 1358 tam
824 1313 1098 1359 amentem
1117 1298 1226 1359 effe
1242 1321 1346 1380 pu-

128 1401 247 1462 tas,
270 1390 368 1468 qui
380 1386 543 1462 illud,
559 1407 675 1468 quo
690 1383 958 1462 vescatur,
980 1385 1145 1446 deum
1160 1385 1358 1448 credar

125 1471 268 1534 effe?
301 1495 431 1536 nam
447 1494 592 1556 quos
614 1479 681 1535 ab
694 1475 1022 1534 hominibus
1044 1471 1354 1555 perveniffe

126 1559 277 1624 dicis
294 1561 365 1621 ad
378 1561 539 1636 deos,
552 1578 616 1620 tu
630 1561 824 1622 reddes
842 1563 1136 1638 rationem,
1153 1571 1354 1642 quem-³

127 1647 441 1710 admodum
456 1647 598 1707 idem
613 1645 729 1706 fieri
744 1649 1012 1726 potuerit,
1029 1663 1125 1706 aut
1138 1667 1235 1710 cur
1249 1647 1346 1708 fie-

129 1735 182 1796 ri
196 1733 438 1810 deflerit,
462 1751 516 1793 et
538 1755 642 1814 ego
682 1732 884 1794 discam
900 1733 1154 1796 libenter.
1202 1749 1342 1816 quoi

129 1821 309 1885 modo
339 1842 493 1883 nunc
514 1821 738 1902 quidem
752 1820 852 1898 est,
873 1843 993 1882 non
1011 1822 1196 1899 video,
1223 1842 1342 1903 quo

130 1913 297 1990 paCto
325 1909 437 1985 ille,
458 1910 551 1971 cu'i
580 1907 679 1970 ‘in
708 1925 904 1970 monte
927 1918 1136 1970 Oetaeo
1160 1909 1344 1970 illatae

132 1996 153 2030 ‘
174 1995 452 2079 lampades
468 1997 785 2072 fiierint,'ut
798 1999 878 2057 ait
891 1998 1118 2073 Accius,
1131 1997 1151 2030 ‘
1169 1998 1230 2057 in
1245 1997 1350 2058 do-

132 2082 156 2138 ‘.
178 2105 329 2144 mum
362 2101 640 2144 aeternam
673 2087 845 2164 patris
860 2088 876 2112 ’
912 2105 984 2143 ex
1012 2084 1113 2144 illo
1145 2085 1350 2144 ardore

128 2172 467 2253 pervenerit.
512 2192 681 2252 quem
697 2187 882 2230 tamen
900 2176 1182 2230 Homerus
1199 2183 1354 2230 σοιν

128 2259 312 2318 veniri
327 2259 473 2338 apud
494 2257 705 2317 inferos
728 2257 862 2317 facit
881 2259 948 2316 ab
964 2255 1172 2336 Ulyffe,
1206 2255 1340 2316 ficut

128 2347 500 2425 caeteros‚qui
512 2336 852 2404 excefferant
867 2345 1002 2404 vita.
1021 2363 1352 2423 quanquam·

128 2451 295 2512 quem
310 2431 641 2512 potissimum
657 2429 950 2492 Herculem
967 2429 1344 2506 colamus,s01·

126 2517 329 2584 resane
342 2517 528 2582 velim.
568 2517 753 2598 plures
768 2519 920 2580 enim
932 2515 1159 2608 tradunt
1173 2517 1346 2600 nonis
