1684 3084
397 182 686 240 LIBER
729 182 1101 240 PRIMUS.
1269 191 1355 259 ’31

164 279 314 355 sunt,
335 296 393 341 et
401 283 519 360 jus,
534 296 591 340 et
610 301 780 341 omne
790 273 1078 340 honestum
1093 275 1186 339 sua
1197 277 1365 361 spon·

164 385 225 428 te
244 366 349 428 effe
380 366 769 446 expetendum.
814 369 1019 426 etenim
1043 385 1241 425 omnes
1258 369 1367 426 viri

140 455 301 514 -boni
336 451 509 532 ipsam
540 453 871 530 aequitatem
900 468 955 511 et
980 445 1075 531 ju's
1104 451 1368 532 ipsum'a·

160 554 353 613 mant3
380 559 482 598 nec
496 537 570 597 est
584 539 693 596 viri
708 539 867 612 boni,
883 559 1082 614 errare,
1107 533 1164 598 et'
1177 539 1367 617 dilige-

162 647 224 686 re
240 625 391 704 quod
406 645 505 704 per
518 623 572 682 se
587 644 705 684 non
721 623 787 682 fit
800 624 1155 702 diligendum.
1203 647 1299 705 per
1315 624 1370 686 se

162 713 337 790 igitur
357 711 453 788 jus
482 709 557 770 est
576 711 944 790 expetendum
967 725 1025 770 et
1055 711 1366 774 colendum.

165 795 377 880 quodfi
399 799 494 874 jus
517 795 621 856 est:
645 799 811 856 etiam
833 797 1064 874 justitia.
1113 797 1184 858 fic
1215 799 1274 857 in
1304 819 1372 858 ea

160 884 405 963 reliquae
426 903 653 962 quoque
668 886 904 944 virtutes
929 905 1024 963 per
1039 882 1092 942 se
1105 881 1371 946 colendae

160 968 316 1030 sunt.
360 968 491 1048 quid
506 969 829 1027 liberalitas?
854 971 1159 1046 gratuitane
1174 969 1269 1044 est,
1293 969 1372 1032 'an

156 1055 535 1118 mercenaria?
558 1052 597 1111 fi
619 1053 729 1113 fine
752 1057 994 1133 praemio
1019 1057 1256 1134 benigna
1272 1055 1368 1131 est,

160 1141 406 1223 gratuita
420 1163 437 1197 ε
459 1137 499 1198 fi
514 1161 639 1201 cum
654 1142 924 1214 mercede,
947 1141 1246 1201 coudunstat
1266 1163 1373 1202 nee

150 1227 245 1287 ‚est
269 1227 514 1301 dubium,
535 1229 675 1306 quin
700 1229 774 1300 is,
796 1229 895 1305 qui
917 1227 1154 1286 liberalis
1176 1231 1370 1306 benig·

164 1311 339 1373 nusve
360 1312 581 1387 dicitur,
605 1313 870 1387 officium,
893 1335 1012 1371 non
1033 1312 1266 1372 frueium
1289 1313 1370 1375 se·

154 1415 395 1478 quatur.
442 1419 576 1475 ergo
608 1401 737 1458 item
762 1397 969 1475 justitia
991 1398 1130 1458 nihil
1157 1403 1372 1480 expetit

166 1486 421 1567 praemii,
444 1486 581 1544 nihil
603 1487 785 1564 pretii.
834 1484 1006 1564 perse
1023 1489 1190 1564 igitur
1203 1507 1370 1567 expe-

166 1573 330 1631 titur.
377 1569 669 1648 eademque
690 1573 940 1630 omnium
959 1575 1226 1630 virtutum
1241 1577 1370 1631 caia·

167 1654 252 1730 sa,
277 1671 439 1734 atque
464 1653 727 1714 sententia
748 1655 841 1714 est.
888 1672 1052 1735 atque
1069 1659 1234 1716 etiam
1255 1657 1293 1717 fi
1313 1679 1371 1718 e·

166 1741 554 1815 molimentis,
594 1760 709 1800 non
735 1739 827 1800 sua
849 1739 1046 1820 sponte
1070 1746 1249 1802 virtus
1271 1765 1371 1804 ex·

156 1827 456 1908 penditur,
492 1847 603 1886 una
630 1829 735 1886 erit
760 1829 964 1903 virtus,
1001 1849 1142 1908 quae
1170 1830 1374 1890 malitia

170 1913 449 1972 restissime
475 1913 703 1973 dicetur.
756 1929 820 1971 ut
838 1917 988 1973 enim
1007 1914 1236 1994 quisque
1256 1937 1372 1975 ma-

168 2001 321 2060 xime
358 2000 426 2059 ad
455 1997 607 2059 suum
639 2000 994 2060 commodum
1019 1999 1182 2060 refert
1204 2021 1372 2080 quae-

168 2105 405 2164 cumque
432 2087 568 2162 agit,
592 2087 671 2143 ita
693 2088 920 2144 minime
943 2086 1016 2144 est
1034 2089 1124 2145 vir
1152 2083 1369 2158 bohun

168 2173 355 2250 ut,qui
368 2173 629 2229 virtutem
645 2174 890 2249 praemio
903 2174 1227 2244 metiuntur,
1245 2171 1372 2230 nul·

168 2257 283 2316 lam
310 2258 593 2328 virtutem,
626 2253 727 2313 nifi
755 2257 1020 2315 malitiam
1035 2271 1250 2336 putent.
1305 2279 1372 2316 u-

170 2344 228 2402 bi
252 2345 401 2402 enim
419 2340 718 2416 beneficus,
742 2341 781 2400 fi
812 2363 977 2402 nemo
1001 2343 1220 2400 alterius
1243 2364 1372 2403 cau-

172 2426 227 2487 sa
250 2430 488 2506 benigne
510 2427 671 2485 facit?
695 2429 789 2486 ubi
810 2443 1021 2505 gratus,
1043 2427 1082 2486 fi
1105 2449 1222 2487 non
1247 2450 1374 2488 eum

171 2511 382 2595 ipsum,
432 2515 523 2573 cui
558 2510 803 2573 referunt
837 2515 1068 2590 gratiam
1081 2557 1106 2590 ‚
1137 2529 1374 2577 cemunt

715 2603 761 2656 C
818 2618 851 2680 3
