<?xml version="1.0" encoding="UTF-8"?>
<!DOCTYPE html PUBLIC "-//W3C//DTD XHTML 1.0 Transitional//EN"
    "http://www.w3.org/TR/xhtml1/DTD/xhtml1-transitional.dtd">
<html xmlns="http://www.w3.org/1999/xhtml" xml:lang="en" lang="en">
 <head>
  <title>
</title>
<meta http-equiv="Content-Type" content="text/html;charset=utf-8" />
  <meta name='ocr-system' content='tesseract 3.04.00' />
  <meta name='ocr-capabilities' content='ocr_page ocr_carea ocr_par ocr_line ocrx_word'/>
</head>
<body>
  <div class='ocr_page' id='page_1' title='image "./mtulliiciceroni08unkngoog/mtulliiciceroni08unkngoog_0289.png"; bbox 0 0 1684 3084; ppageno 0'>
   <div class='ocr_carea' id='block_1_1' title="bbox 338 159 1306 234">
    <p class='ocr_par' dir='ltr' id='par_1_1' title="bbox 338 159 1306 234">
     <span class='ocr_line' id='line_1_1' title="bbox 338 159 1306 234; baseline 0.003 -15"><span class='ocrx_word' id='word_1_1' title='bbox 338 159 625 219; x_wconf 83' lang='lat' dir='ltr'>LIBER</span> <span class='ocrx_word' id='word_1_2' title='bbox 666 159 1042 218; x_wconf 78' lang='lat' dir='ltr'><strong>PRIMUS.</strong></span> <span class='ocrx_word' id='word_1_3' title='bbox 1225 177 1306 234; x_wconf 80' lang='lat'>27</span> 
     </span>
    </p>
   </div>
   <div class='ocr_carea' id='block_1_2' title="bbox 95 257 1318 2416">
    <p class='ocr_par' dir='ltr' id='par_1_2' title="bbox 95 257 1318 2416">
     <span class='ocr_line' id='line_1_2' title="bbox 100 257 1308 334; baseline -0.004 -11"><span class='ocrx_word' id='word_1_4' title='bbox 100 277 243 323; x_wconf 81' lang='lat' dir='ltr'>vero</span> <span class='ocrx_word' id='word_1_5' title='bbox 256 257 395 320; x_wconf 76' lang='lat' dir='ltr'>illud</span> <span class='ocrx_word' id='word_1_6' title='bbox 408 257 783 334; x_wconf 79' lang='lat' dir='ltr'>stultiffnnum‚</span> <span class='ocrx_word' id='word_1_7' title='bbox 804 257 1110 318; x_wconf 80' lang='lat' dir='ltr'>existimare</span> <span class='ocrx_word' id='word_1_8' title='bbox 1123 259 1308 318; x_wconf 79' lang='lat' dir='ltr'>omnin</span> 
     </span>
     <span class='ocr_line' id='line_1_3' title="bbox 95 341 1310 427; baseline -0.002 -19"><span class='ocrx_word' id='word_1_9' title='bbox 95 345 245 427; x_wconf 80' lang='lat' dir='ltr'>justa</span> <span class='ocrx_word' id='word_1_10' title='bbox 258 343 524 426; x_wconf 80' lang='lat' dir='ltr'>effe‚quae</span> <span class='ocrx_word' id='word_1_11' title='bbox 538 341 668 406; x_wconf 86' lang='lat' dir='ltr'>scita</span> <span class='ocrx_word' id='word_1_12' title='bbox 679 343 786 404; x_wconf 86' lang='lat' dir='ltr'>fint</span> <span class='ocrx_word' id='word_1_13' title='bbox 800 341 860 404; x_wconf 82' lang='lat' dir='ltr'>in</span> <span class='ocrx_word' id='word_1_14' title='bbox 875 345 1206 425; x_wconf 85' lang='lat' dir='ltr'>populorum</span> <span class='ocrx_word' id='word_1_15' title='bbox 1221 347 1310 405; x_wconf 87' lang='lat' dir='ltr'>in-</span> 
     </span>
     <span class='ocr_line' id='line_1_4' title="bbox 100 430 1310 512; baseline -0.002 -17"><span class='ocrx_word' id='word_1_16' title='bbox 100 433 332 507; x_wconf 80' lang='lat' dir='ltr'>stitutis,</span> <span class='ocrx_word' id='word_1_17' title='bbox 355 448 451 491; x_wconf 87' lang='lat' dir='ltr'>aut</span> <span class='ocrx_word' id='word_1_18' title='bbox 464 431 697 508; x_wconf 80' lang='lat' dir='ltr'>legibus.</span> <span class='ocrx_word' id='word_1_19' title='bbox 744 434 1003 506; x_wconf 83' lang='lat' dir='ltr'>etiamne,</span> <span class='ocrx_word' id='word_1_20' title='bbox 1023 430 1064 491; x_wconf 88' lang='lat' dir='ltr'>fi</span> <span class='ocrx_word' id='word_1_21' title='bbox 1077 435 1216 512; x_wconf 77' lang='lat' dir='ltr'>quae</span> <span class='ocrx_word' id='word_1_22' title='bbox 1230 432 1310 492; x_wconf 87' lang='lat' dir='ltr'>le·</span> 
     </span>
     <span class='ocr_line' id='line_1_5' title="bbox 100 515 1310 600; baseline -0.002 -21"><span class='ocrx_word' id='word_1_23' title='bbox 100 540 203 600; x_wconf 78' lang='lat' dir='ltr'>ges</span> <span class='ocrx_word' id='word_1_24' title='bbox 218 518 326 579; x_wconf 88' lang='lat' dir='ltr'>fint</span> <span class='ocrx_word' id='word_1_25' title='bbox 340 519 733 598; x_wconf 79' lang='lat' dir='ltr'>tyrannorum?</span> <span class='ocrx_word' id='word_1_26' title='bbox 746 515 785 578; x_wconf 86' lang='lat' dir='ltr'>fi</span> <span class='ocrx_word' id='word_1_27' title='bbox 800 519 1028 596; x_wconf 80' lang='lat' dir='ltr'>triginta</span> <span class='ocrx_word' id='word_1_28' title='bbox 1041 517 1122 578; x_wconf 84' lang='lat' dir='ltr'>illi</span> <span class='ocrx_word' id='word_1_29' title='bbox 1138 521 1310 578; x_wconf 84' lang='lat' dir='ltr'>Athe·</span> 
     </span>
     <span class='ocr_line' id='line_1_6' title="bbox 100 603 1312 686; baseline -0.002 -19"><span class='ocrx_word' id='word_1_30' title='bbox 100 607 201 667; x_wconf 79' lang='lat' dir='ltr'>nis</span> <span class='ocrx_word' id='word_1_31' title='bbox 214 605 359 684; x_wconf 76' lang='lat' dir='ltr'>leges</span> <span class='ocrx_word' id='word_1_32' title='bbox 374 607 659 686; x_wconf 84' lang='lat' dir='ltr'>imponere</span> <span class='ocrx_word' id='word_1_33' title='bbox 670 603 986 680; x_wconf 68' lang='lat' dir='ltr'>volumem,</span> <span class='ocrx_word' id='word_1_34' title='bbox 1003 620 1119 681; x_wconf 73' lang='lat' dir='ltr'>aut,</span> <span class='ocrx_word' id='word_1_35' title='bbox 1133 603 1174 664; x_wconf 84' lang='lat' dir='ltr'><strong>fi</strong></span> <span class='ocrx_word' id='word_1_36' title='bbox 1187 625 1312 666; x_wconf 84' lang='lat' dir='ltr'>om·</span> 
     </span>
     <span class='ocr_line' id='line_1_7' title="bbox 101 690 1312 770; baseline -0.002 -17"><span class='ocrx_word' id='word_1_37' title='bbox 101 713 211 753; x_wconf 78' lang='lat' dir='ltr'>nes</span> <span class='ocrx_word' id='word_1_38' title='bbox 229 691 585 752; x_wconf 84' lang='lat' dir='ltr'>Athenienses</span> <span class='ocrx_word' id='word_1_39' title='bbox 600 690 994 752; x_wconf 69' lang='lat' dir='ltr'>delectarentur</span> <span class='ocrx_word' id='word_1_40' title='bbox 1007 693 1312 770; x_wconf 75' lang='lat' dir='ltr'>tyrannicis</span> 
     </span>
     <span class='ocr_line' id='line_1_8' title="bbox 100 775 1310 858; baseline -0.001 -19"><span class='ocrx_word' id='word_1_41' title='bbox 100 779 321 858; x_wconf 73' lang='lat' dir='ltr'>legibus</span> <span class='ocrx_word' id='word_1_42' title='bbox 324 821 344 854; x_wconf 90' lang='lat'><strong><em>,</em></strong></span> <span class='ocrx_word' id='word_1_43' title='bbox 367 799 501 838; x_wconf 84' lang='lat' dir='ltr'>num</span> <span class='ocrx_word' id='word_1_44' title='bbox 516 779 721 838; x_wconf 83' lang='lat' dir='ltr'>idcirco</span> <span class='ocrx_word' id='word_1_45' title='bbox 739 781 840 839; x_wconf 81' lang='lat' dir='ltr'>hae</span> <span class='ocrx_word' id='word_1_46' title='bbox 854 778 1001 857; x_wconf 72' lang='lat' dir='ltr'>leges</span> <span class='ocrx_word' id='word_1_47' title='bbox 1024 775 1198 856; x_wconf 80' lang='lat' dir='ltr'>justae</span> <span class='ocrx_word' id='word_1_48' title='bbox 1210 781 1310 838; x_wconf 74' lang='lat' dir='ltr'>hn-</span> 
     </span>
     <span class='ocr_line' id='line_1_9' title="bbox 97 862 1311 945; baseline 0 -19"><span class='ocrx_word' id='word_1_49' title='bbox 97 866 395 926; x_wconf 80' lang='lat' dir='ltr'>berentur?</span> <span class='ocrx_word' id='word_1_50' title='bbox 417 865 617 940; x_wconf 81' lang='lat' dir='ltr'>nihilo,</span> <span class='ocrx_word' id='word_1_51' title='bbox 634 863 823 941; x_wconf 84' lang='lat' dir='ltr'>credo,</span> <span class='ocrx_word' id='word_1_52' title='bbox 838 866 1014 944; x_wconf 74' lang='lat' dir='ltr'>magis</span> <span class='ocrx_word' id='word_1_53' title='bbox 1028 862 1311 945; x_wconf 80' lang='lat' dir='ltr'>illa,quam</span> 
     </span>
     <span class='ocr_line' id='line_1_10' title="bbox 97 949 1314 1031; baseline -0.001 -18"><span class='ocrx_word' id='word_1_54' title='bbox 97 954 359 1013; x_wconf 81' lang='lat' dir='ltr'>interrex</span> <span class='ocrx_word' id='word_1_55' title='bbox 386 949 569 1011; x_wconf 81' lang='lat' dir='ltr'>noster</span> <span class='ocrx_word' id='word_1_56' title='bbox 606 950 759 1025; x_wconf 88' lang='lat' dir='ltr'>tulit,</span> <span class='ocrx_word' id='word_1_57' title='bbox 794 965 860 1008; x_wconf 88' lang='lat' dir='ltr'>ut</span> <span class='ocrx_word' id='word_1_58' title='bbox 887 949 1120 1010; x_wconf 72' lang='lat' dir='ltr'>dictator</span> <span class='ocrx_word' id='word_1_59' title='bbox 1147 969 1314 1031; x_wconf 82' lang='lat' dir='ltr'>quem</span> 
     </span>
     <span class='ocr_line' id='line_1_11' title="bbox 97 1033 1318 1119; baseline -0.002 -19"><span class='ocrx_word' id='word_1_60' title='bbox 97 1037 277 1100; x_wconf 84' lang='lat' dir='ltr'>vellet</span> <span class='ocrx_word' id='word_1_61' title='bbox 289 1037 516 1112; x_wconf 80' lang='lat' dir='ltr'>civium,</span> <span class='ocrx_word' id='word_1_62' title='bbox 537 1035 739 1096; x_wconf 65' lang='lat' dir='ltr'>indicta</span> <span class='ocrx_word' id='word_1_63' title='bbox 750 1033 931 1112; x_wconf 76' lang='lat' dir='ltr'>eausa,</span> <span class='ocrx_word' id='word_1_64' title='bbox 950 1036 1175 1118; x_wconf 78' lang='lat' dir='ltr'>impune</span> <span class='ocrx_word' id='word_1_65' title='bbox 1184 1035 1318 1119; x_wconf 84' lang='lat' dir='ltr'><strong>pos·</strong></span> 
     </span>
     <span class='ocr_line' id='line_1_12' title="bbox 98 1121 1312 1205; baseline -0.002 -18"><span class='ocrx_word' id='word_1_66' title='bbox 98 1123 189 1187; x_wconf 73' lang='lat' dir='ltr'>stt</span> <span class='ocrx_word' id='word_1_67' title='bbox 202 1125 474 1186; x_wconf 82' lang='lat' dir='ltr'>occidere.</span> <span class='ocrx_word' id='word_1_68' title='bbox 516 1121 593 1182; x_wconf 83' lang='lat' dir='ltr'>est</span> <span class='ocrx_word' id='word_1_69' title='bbox 606 1124 754 1183; x_wconf 85' lang='lat' dir='ltr'>enim</span> <span class='ocrx_word' id='word_1_70' title='bbox 767 1143 943 1183; x_wconf 81' lang='lat' dir='ltr'>unum</span> <span class='ocrx_word' id='word_1_71' title='bbox 951 1122 1071 1202; x_wconf 76' lang='lat' dir='ltr'>jus,</span> <span class='ocrx_word' id='word_1_72' title='bbox 1084 1143 1202 1205; x_wconf 87' lang='lat' dir='ltr'>quo</span> <span class='ocrx_word' id='word_1_73' title='bbox 1213 1123 1312 1185; x_wconf 81' lang='lat' dir='ltr'>de·</span> 
     </span>
     <span class='ocr_line' id='line_1_13' title="bbox 99 1207 1313 1290; baseline -0.002 -16"><span class='ocrx_word' id='word_1_74' title='bbox 99 1213 298 1274; x_wconf 67' lang='lat' dir='ltr'>vineta</span> <span class='ocrx_word' id='word_1_75' title='bbox 310 1209 387 1271; x_wconf 84' lang='lat' dir='ltr'>est</span> <span class='ocrx_word' id='word_1_76' title='bbox 400 1211 689 1270; x_wconf 82' lang='lat' dir='ltr'>hominum</span> <span class='ocrx_word' id='word_1_77' title='bbox 712 1207 939 1270; x_wconf 71' lang='lat' dir='ltr'>societas</span> <span class='ocrx_word' id='word_1_78' title='bbox 943 1236 964 1284; x_wconf 84' lang='lat'>·,</span> <span class='ocrx_word' id='word_1_79' title='bbox 984 1225 1042 1270; x_wconf 88' lang='lat' dir='ltr'>et</span> <span class='ocrx_word' id='word_1_80' title='bbox 1055 1209 1206 1290; x_wconf 82' lang='lat' dir='ltr'><strong>quod</strong></span> <span class='ocrx_word' id='word_1_81' title='bbox 1217 1209 1313 1271; x_wconf 80' lang='lat' dir='ltr'>lex</span> 
     </span>
     <span class='ocr_line' id='line_1_14' title="bbox 101 1294 1314 1377; baseline -0.002 -17"><span class='ocrx_word' id='word_1_82' title='bbox 101 1296 399 1361; x_wconf 84' lang='lat' dir='ltr'>constituit</span> <span class='ocrx_word' id='word_1_83' title='bbox 424 1317 567 1358; x_wconf 75' lang='lat' dir='ltr'>una:</span> <span class='ocrx_word' id='word_1_84' title='bbox 606 1315 747 1377; x_wconf 77' lang='lat' dir='ltr'>quae</span> <span class='ocrx_word' id='word_1_85' title='bbox 772 1295 870 1356; x_wconf 82' lang='lat' dir='ltr'>lex</span> <span class='ocrx_word' id='word_1_86' title='bbox 893 1294 970 1356; x_wconf 86' lang='lat' dir='ltr'>est</span> <span class='ocrx_word' id='word_1_87' title='bbox 997 1299 1143 1357; x_wconf 67' lang='lat' dir='ltr'>resta</span> <span class='ocrx_word' id='word_1_88' title='bbox 1167 1297 1314 1358; x_wconf 78' lang='lat' dir='ltr'>ratio</span> 
     </span>
     <span class='ocr_line' id='line_1_15' title="bbox 102 1381 1312 1465; baseline -0.002 -19"><span class='ocrx_word' id='word_1_89' title='bbox 102 1383 419 1465; x_wconf 84' lang='lat' dir='ltr'>imperandi</span> <span class='ocrx_word' id='word_1_90' title='bbox 450 1399 616 1464; x_wconf 78' lang='lat' dir='ltr'>atque</span> <span class='ocrx_word' id='word_1_91' title='bbox 635 1381 997 1464; x_wconf 82' lang='lat' dir='ltr'>prohibendi=</span> <span class='ocrx_word' id='word_1_92' title='bbox 1020 1403 1187 1464; x_wconf 79' lang='lat' dir='ltr'><strong>quam</strong></span> <span class='ocrx_word' id='word_1_93' title='bbox 1212 1383 1312 1463; x_wconf 86' lang='lat' dir='ltr'>qni</span> 
     </span>
     <span class='ocr_line' id='line_1_16' title="bbox 103 1467 1312 1552; baseline -0.002 -19"><span class='ocrx_word' id='word_1_94' title='bbox 103 1473 358 1552; x_wconf 82' lang='lat' dir='ltr'>ignorat,</span> <span class='ocrx_word' id='word_1_95' title='bbox 372 1471 421 1532; x_wconf 74' lang='lat' dir='ltr'>iz</span> <span class='ocrx_word' id='word_1_96' title='bbox 436 1469 511 1531; x_wconf 85' lang='lat' dir='ltr'>est</span> <span class='ocrx_word' id='word_1_97' title='bbox 523 1468 755 1548; x_wconf 80' lang='lat' dir='ltr'>injustus</span> <span class='ocrx_word' id='word_1_98' title='bbox 762 1513 782 1544; x_wconf 92' lang='lat'>,</span> <span class='ocrx_word' id='word_1_99' title='bbox 794 1468 904 1530; x_wconf 82' lang='lat' dir='ltr'>five</span> <span class='ocrx_word' id='word_1_100' title='bbox 917 1469 994 1530; x_wconf 84' lang='lat' dir='ltr'>est</span> <span class='ocrx_word' id='word_1_101' title='bbox 1006 1469 1100 1530; x_wconf 76' lang='lat' dir='ltr'>illa</span> <span class='ocrx_word' id='word_1_102' title='bbox 1113 1467 1312 1550; x_wconf 72' lang='lat' dir='ltr'>scripta</span> 
     </span>
     <span class='ocr_line' id='line_1_17' title="bbox 104 1553 1318 1639; baseline 0 -21"><span class='ocrx_word' id='word_1_103' title='bbox 104 1556 341 1639; x_wconf 71' lang='lat' dir='ltr'>uspiam,</span> <span class='ocrx_word' id='word_1_104' title='bbox 362 1556 473 1618; x_wconf 82' lang='lat' dir='ltr'>five</span> <span class='ocrx_word' id='word_1_105' title='bbox 487 1553 774 1638; x_wconf 79' lang='lat' dir='ltr'>nusquam.</span> <span class='ocrx_word' id='word_1_106' title='bbox 806 1554 960 1636; x_wconf 88' lang='lat' dir='ltr'>quod</span> <span class='ocrx_word' id='word_1_107' title='bbox 975 1555 1012 1615; x_wconf 86' lang='lat' dir='ltr'><strong>fi</strong></span> <span class='ocrx_word' id='word_1_108' title='bbox 1021 1555 1226 1636; x_wconf 76' lang='lat' dir='ltr'>justitia</span> <span class='ocrx_word' id='word_1_109' title='bbox 1237 1554 1318 1618; x_wconf 83' lang='lat' dir='ltr'>est·</span> 
     </span>
     <span class='ocr_line' id='line_1_18' title="bbox 103 1639 1316 1725; baseline 0.001 -20"><span class='ocrx_word' id='word_1_110' title='bbox 103 1643 513 1725; x_wconf 76' lang='lat' dir='ltr'>obtemperatio</span> <span class='ocrx_word' id='word_1_111' title='bbox 539 1639 754 1724; x_wconf 78' lang='lat' dir='ltr'>scriptis</span> <span class='ocrx_word' id='word_1_112' title='bbox 782 1642 996 1720; x_wconf 73' lang='lat' dir='ltr'>legibus</span> <span class='ocrx_word' id='word_1_113' title='bbox 1031 1639 1316 1706; x_wconf 69' lang='lat' dir='ltr'>institutiss·</span> 
     </span>
     <span class='ocr_line' id='line_1_19' title="bbox 107 1728 1314 1811; baseline 0 -21"><span class='ocrx_word' id='word_1_114' title='bbox 107 1752 221 1811; x_wconf 84' lang='lat' dir='ltr'>que</span> <span class='ocrx_word' id='word_1_115' title='bbox 251 1729 613 1811; x_wconf 84' lang='lat' dir='ltr'>populorum,</span> <span class='ocrx_word' id='word_1_116' title='bbox 636 1745 693 1789; x_wconf 86' lang='lat' dir='ltr'>et</span> <span class='ocrx_word' id='word_1_117' title='bbox 722 1728 783 1805; x_wconf 90' lang='lat' dir='ltr'>fi,</span> <span class='ocrx_word' id='word_1_118' title='bbox 808 1744 872 1789; x_wconf 90' lang='lat' dir='ltr'>ut</span> <span class='ocrx_word' id='word_1_119' title='bbox 899 1728 1066 1790; x_wconf 85' lang='lat' dir='ltr'>iidem</span> <span class='ocrx_word' id='word_1_120' title='bbox 1095 1728 1314 1808; x_wconf 81' lang='lat' dir='ltr'>dicunt,</span> 
     </span>
     <span class='ocr_line' id='line_1_20' title="bbox 108 1813 1316 1896; baseline 0.001 -20"><span class='ocrx_word' id='word_1_121' title='bbox 108 1817 351 1877; x_wconf 83' lang='lat' dir='ltr'>utilitate</span> <span class='ocrx_word' id='word_1_122' title='bbox 380 1818 571 1878; x_wconf 76' lang='lat' dir='ltr'>omnia</span> <span class='ocrx_word' id='word_1_123' title='bbox 590 1817 864 1878; x_wconf 81' lang='lat' dir='ltr'>metienda</span> <span class='ocrx_word' id='word_1_124' title='bbox 891 1813 1049 1878; x_wconf 70' lang='lat' dir='ltr'>sunta</span> <span class='ocrx_word' id='word_1_125' title='bbox 1074 1816 1316 1896; x_wconf 77' lang='lat' dir='ltr'>negliget</span> 
     </span>
     <span class='ocr_line' id='line_1_21' title="bbox 108 1902 1315 1984; baseline 0 -20"><span class='ocrx_word' id='word_1_126' title='bbox 108 1903 286 1983; x_wconf 75' lang='lat' dir='ltr'>leges,</span> <span class='ocrx_word' id='word_1_127' title='bbox 298 1902 490 1984; x_wconf 84' lang='lat' dir='ltr'>easque</span> <span class='ocrx_word' id='word_1_128' title='bbox 502 1903 875 1984; x_wconf 53' lang='lat' dir='ltr'>perrumpetfii</span> <span class='ocrx_word' id='word_1_129' title='bbox 888 1906 1116 1984; x_wconf 84' lang='lat' dir='ltr'>poterit,</span> <span class='ocrx_word' id='word_1_130' title='bbox 1131 1905 1206 1979; x_wconf 77' lang='lat' dir='ltr'>is,</span> <span class='ocrx_word' id='word_1_131' title='bbox 1215 1904 1315 1982; x_wconf 83' lang='lat' dir='ltr'>qui</span> 
     </span>
     <span class='ocr_line' id='line_1_22' title="bbox 109 1989 1316 2072; baseline 0 -22"><span class='ocrx_word' id='word_1_132' title='bbox 109 1990 211 2050; x_wconf 86' lang='lat' dir='ltr'>fibi</span> <span class='ocrx_word' id='word_1_133' title='bbox 222 2010 341 2050; x_wconf 83' lang='lat' dir='ltr'>eam</span> <span class='ocrx_word' id='word_1_134' title='bbox 356 2011 469 2050; x_wconf 85' lang='lat' dir='ltr'>rem</span> <span class='ocrx_word' id='word_1_135' title='bbox 484 1989 812 2052; x_wconf 64' lang='lat' dir='ltr'>fructuosam</span> <span class='ocrx_word' id='word_1_136' title='bbox 829 1993 1045 2072; x_wconf 85' lang='lat' dir='ltr'>putabit</span> <span class='ocrx_word' id='word_1_137' title='bbox 1056 1989 1201 2052; x_wconf 88' lang='lat' dir='ltr'>fore.</span> <span class='ocrx_word' id='word_1_138' title='bbox 1233 1991 1316 2050; x_wconf 78' lang='lat' dir='ltr'>ita</span> 
     </span>
     <span class='ocr_line' id='line_1_23' title="bbox 110 2075 1315 2157; baseline -0.003 -19"><span class='ocrx_word' id='word_1_139' title='bbox 110 2076 179 2138; x_wconf 86' lang='lat' dir='ltr'>fit</span> <span class='ocrx_word' id='word_1_140' title='bbox 199 2092 261 2136; x_wconf 87' lang='lat' dir='ltr'>ut</span> <span class='ocrx_word' id='word_1_141' title='bbox 290 2076 439 2136; x_wconf 87' lang='lat' dir='ltr'>nulla</span> <span class='ocrx_word' id='word_1_142' title='bbox 460 2075 525 2137; x_wconf 85' lang='lat' dir='ltr'>fit</span> <span class='ocrx_word' id='word_1_143' title='bbox 544 2079 778 2138; x_wconf 87' lang='lat' dir='ltr'>omnino</span> <span class='ocrx_word' id='word_1_144' title='bbox 800 2077 1040 2157; x_wconf 78' lang='lat' dir='ltr'>justitia;</span> <span class='ocrx_word' id='word_1_145' title='bbox 1065 2075 1104 2136; x_wconf 86' lang='lat' dir='ltr'><strong>fi</strong></span> <span class='ocrx_word' id='word_1_146' title='bbox 1133 2095 1315 2154; x_wconf 86' lang='lat' dir='ltr'>neque</span> 
     </span>
     <span class='ocr_line' id='line_1_24' title="bbox 113 2161 1315 2244; baseline -0.002 -20"><span class='ocrx_word' id='word_1_147' title='bbox 113 2165 313 2226; x_wconf 51' lang='lat' dir='ltr'>natus&amp;</span> <span class='ocrx_word' id='word_1_148' title='bbox 328 2161 423 2238; x_wconf 89' lang='lat' dir='ltr'>est,</span> <span class='ocrx_word' id='word_1_149' title='bbox 443 2179 501 2223; x_wconf 88' lang='lat' dir='ltr'>et</span> <span class='ocrx_word' id='word_1_150' title='bbox 513 2185 598 2237; x_wconf 85' lang='lat' dir='ltr'>ea,</span> <span class='ocrx_word' id='word_1_151' title='bbox 620 2183 759 2244; x_wconf 76' lang='lat' dir='ltr'>quae</span> <span class='ocrx_word' id='word_1_152' title='bbox 779 2179 1004 2244; x_wconf 81' lang='lat' dir='ltr'>propter</span> <span class='ocrx_word' id='word_1_153' title='bbox 1023 2163 1315 2222; x_wconf 82' lang='lat' dir='ltr'>utilitatem</span> 
     </span>
     <span class='ocr_line' id='line_1_25' title="bbox 113 2248 1315 2325; baseline -0.005 -13"><span class='ocrx_word' id='word_1_154' title='bbox 113 2248 485 2325; x_wconf 80' lang='lat' dir='ltr'>constituitur,</span> <span class='ocrx_word' id='word_1_155' title='bbox 497 2249 729 2309; x_wconf 80' lang='lat' dir='ltr'>utilitate</span> <span class='ocrx_word' id='word_1_156' title='bbox 744 2249 848 2308; x_wconf 81' lang='lat' dir='ltr'>alia</span> <span class='ocrx_word' id='word_1_157' title='bbox 863 2249 1212 2310; x_wconf 81' lang='lat' dir='ltr'>convellitur.</span> <span class='ocrx_word' id='word_1_158' title='bbox 1231 2262 1315 2307; x_wconf 80' lang='lat' dir='ltr'>at-</span> 
     </span>
     <span class='ocr_line' id='line_1_26' title="bbox 115 2334 1316 2416; baseline -0.002 -20"><span class='ocrx_word' id='word_1_159' title='bbox 115 2339 235 2416; x_wconf 83' lang='lat' dir='ltr'>qui,</span> <span class='ocrx_word' id='word_1_160' title='bbox 256 2334 295 2396; x_wconf 81' lang='lat' dir='ltr'><strong>fi</strong></span> <span class='ocrx_word' id='word_1_161' title='bbox 310 2351 503 2396; x_wconf 80' lang='lat' dir='ltr'>natura</span> <span class='ocrx_word' id='word_1_162' title='bbox 521 2334 912 2400; x_wconf 83' lang='lat' dir='ltr'>confirmatura</span> <span class='ocrx_word' id='word_1_163' title='bbox 936 2336 1031 2414; x_wconf 74' lang='lat' dir='ltr'>jus</span> <span class='ocrx_word' id='word_1_164' title='bbox 1054 2355 1172 2395; x_wconf 88' lang='lat' dir='ltr'>non</span> <span class='ocrx_word' id='word_1_165' title='bbox 1187 2336 1316 2410; x_wconf 85' lang='lat' dir='ltr'>erit,</span> 
     </span>
    </p>
   </div>
   <div class='ocr_carea' id='block_1_3' title="bbox 114 2421 1434 2484">
    <p class='ocr_par' dir='ltr' id='par_1_3' title="bbox 114 2421 1434 2484">
     <span class='ocr_line' id='line_1_27' title="bbox 114 2421 1434 2484; baseline -0.005 0"><span class='ocrx_word' id='word_1_166' title='bbox 114 2425 349 2484; x_wconf 81' lang='lat' dir='ltr'>virtutes</span> <span class='ocrx_word' id='word_1_167' title='bbox 371 2443 565 2482; x_wconf 83' lang='lat' dir='ltr'>omnes</span> <span class='ocrx_word' id='word_1_168' title='bbox 578 2423 866 2483; x_wconf 80' lang='lat' dir='ltr'>tollantur.</span> <span class='ocrx_word' id='word_1_169' title='bbox 914 2423 1007 2482; x_wconf 91' lang='lat' dir='ltr'>ubi</span> <span class='ocrx_word' id='word_1_170' title='bbox 1022 2425 1166 2482; x_wconf 87' lang='lat' dir='ltr'>enim</span> <span class='ocrx_word' id='word_1_171' title='bbox 1179 2421 1314 2480; x_wconf 85' lang='lat' dir='ltr'>libe·</span> <span class='ocrx_word' id='word_1_172' title='bbox 1427 2439 1434 2444; x_wconf 88' lang='lat'><em>·</em></span> 
     </span>
    </p>
   </div>
   <div class='ocr_carea' id='block_1_4' title="bbox 116 2505 1318 2658">
    <p class='ocr_par' dir='ltr' id='par_1_4' title="bbox 116 2505 1318 2658">
     <span class='ocr_line' id='line_1_28' title="bbox 116 2505 1318 2658; baseline -0.006 -86"><span class='ocrx_word' id='word_1_173' title='bbox 116 2509 325 2590; x_wconf 63' lang='lat' dir='ltr'>talita,</span> <span class='ocrx_word' id='word_1_174' title='bbox 347 2511 443 2573; x_wconf 81' lang='lat' dir='ltr'>ubi</span> <span class='ocrx_word' id='word_1_175' title='bbox 455 2510 659 2594; x_wconf 78' lang='lat' dir='ltr'>patriae</span> <span class='ocrx_word' id='word_1_176' title='bbox 672 2510 894 2658; x_wconf 47' lang='lat' dir='ltr'>maritas,</span> <span class='ocrx_word' id='word_1_177' title='bbox 907 2509 1001 2571; x_wconf 85' lang='lat' dir='ltr'>ubi</span> <span class='ocrx_word' id='word_1_178' title='bbox 1014 2509 1208 2594; x_wconf 77' lang='lat' dir='ltr'>pietas,</span> <span class='ocrx_word' id='word_1_179' title='bbox 1221 2505 1318 2566; x_wconf 85' lang='lat' dir='ltr'>ubi</span> 
     </span>
    </p>
   </div>
  </div>
 </body>
</html>
