1684 3084
300 148 409 227 '84
542 148 661 208 ΒΕ
690 148 908 209 NAT.
931 136 1321 209 DEORUM

316 270 443 312 eam
462 268 709 331 pugnam
730 248 877 309 ludis
903 247 1216 331 Olympiae,
1237 250 1554 313 memoriae

318 334 605 419 proditum
641 335 735 396 est.
808 333 966 417 saepe
1003 342 1334 397 Faunorum
1375 358 1548 399 voces

234 494 241 507 ,
317 422 633 501 exauditae,
673 420 828 503 saepe
850 420 998 483 visae
1027 420 1242 484 formae
1280 424 1544 502 deorum,

314 511 595 593 quemvis,
616 531 738 571 non
768 524 866 569 aut
894 512 1143 571 hebetem
1161 525 1268 570 aut
1280 511 1544 593 impium,

312 598 456 659 deos
476 595 785 680 praesentes
800 594 904 657 effe
923 596 1180 658 confiteri
1201 600 1540 676 coe‘gerunt.

316 685 727 747 Praedictiones
757 704 896 745 vero
923 698 983 743 et
1003 680 1422 766 praesenfionee
1454 706 1537 745 re·
1560 691 1578 735 3

314 790 441 835 rum
454 770 763 831 futurarum
779 770 915 852 quid
931 770 1078 831 aliud
1093 770 1413 850 declarant,
1437 770 1539 833 nifi

314 858 639 921 hominibus
671 876 757 934 ea,
780 879 922 939 quae
941 854 1072 934 fint,
1095 856 1340 937 ostendi,
1369 878 1536 920 mon·

316 944 493 1022 strari,
508 946 789 1029 portendi,
804 944 1046 1027 praedici
1061 946 1083 1007 ἓ
1105 966 1178 1007 ex
1192 965 1312 1026 quo
1337 946 1440 1007 illa
1453 943 1539 1007 os·

314 1048 496 1109 tenta,
532 1031 795 1109 monstra,
835 1046 1121 1114 portenta,
1159 1031 1425 1114 prodigia
1454 1034 1536 1094 di·

316 1136 543 1181 cuntur.
576 1116 729 1203 quod
743 1116 784 1179 fi
796 1140 863 1179 ea
877 1118 1000 1179 ficta
1019 1118 1292 1181 credimus
1307 1120 1536 1181 lieentia
1657 1122 1659 1175 ζ

316 1206 647 1282 fabularum,
673 1205 956 1289 Mopsum,
979 1204 1274 1284 Tin-eiiam,
1296 1210 1536 1289 Amphi·

318 1311 533 1373 araum,
547 1292 931 1371 Calchantem,
947 1292 1262 1374 Helenum3
1287 1314 1440 1375 quos
1455 1311 1537 1357 ta·

316 1402 449 1443 men
466 1402 699 1461 augures
717 1400 789 1442 ne
803 1380 949 1463 ipsae
963 1380 1186 1461 quidem
1201 1380 1424 1443 fabulae
1440 1382 1536 1443 ad*-

316 1466 617 1547 scivissent,
633 1468 671 1531 fi
689 1490 777 1531 res
794 1470 1034 1530 omnino
1051 1468 1412 1551 repudiarent
1427 1492 1446 1531 z
1465 1490 1538 1531 ne

316 1554 626 1617 domesticis
642 1556 867 1639 quidem
880 1556 1148 1639 exemplis
1159 1556 1309 1617 docti
1323 1578 1536 1619 numen

316 1640 549 1705 deorum
581 1644 1104 1727 comprobabimus?
1150 1642 1294 1703 nihil
1323 1664 1436 1704 nos
1471 1652 1533 1707 P.

320 1730 561 1808 Claudii,
590 1730 736 1792 bello
760 1731 975 1793 Punico
1003 1732 1210 1813 primo,
1251 1733 1535 1793 temeritas

315 1819 589 1897 movebit,
618 1818 717 1901 qui
739 1818 904 1879 etiam
925 1838 1027 1899 per
1039 1818 1236 1899 jocum
1251 1816 1390 1879 deos
1405 1820 1536 1879 irri-

316 1904 481 1987 dens,
504 1926 631 1969 cum
646 1924 812 1966 cavea
823 1904 1042 1966 liberati
1053 1904 1192 1989 pulli
1208 1926 1329 1967 non
1345 1904 1534 1987 pasce-

319 2008 534 2072 rentur,
561 1994 736 2071 mergi
765 2012 866 2053 eos
889 1994 952 2052 in
983 2012 1183 2073 aquam
1207 1992 1393 2071 juffit;
1427 1992 1452 2027 ‘
1469 2008 1534 2053 ut

317 2079 637 2157 ‘biberent,
674 2080 943 2160 quoniam
971 2078 1077 2140 effe
1105 2078 1387 2141 nollentss
1430 2082 1532 2162 qui

316 2165 453 2228 rifiis
456 2164 632 2245 ,class'e
644 2166 884 2243 devicta,
904 2166 1106 2227 multas
1121 2164 1529 2249 ipfilacrymaz,

314 2261 573 2331 magnam
586 2252 799 2334 populo
816 2260 1076 2314 Romano
1091 2252 1300 2313 cladem
1317 2252 1526 2317 attulit.

317 2340 479 2416 quid?
512 2338 718 2415 collega
740 2340 862 2416 ejus
894 2340 1118 2415 Junius,
1140 2338 1333 2399 eodem
1351 2338 1527 2417 belle,

318 2442 510 2482 nonne
525 2422 831 2503 tempestate
843 2420 1055 2483 daffem
1073 2422 1269 2501 amifit,
1284 2446 1412 2485 cum
1427 2420 1525 2489 au?

315 2506 495 2587 i'piciis
511 2526 630 2570 non
652 2506 933 2592 paruisset?
963 2510 1152 2590 itaque
1174 2516 1238 2575 Ρ.
1257 2510 1526 2576 claudius
