1684 3084
256 160 549 222 LIBER
590 158 1105 223 SECUNDUS.
1212 172 1303 239 φτ

82 281 246 325 tum:
264 262 418 343 quod
433 260 492 323 εἰ
505 284 656 323 nunc
668 264 857 324 multis
873 264 937 324 fit
949 268 1009 325 in
1024 264 1190 327 fanis.
1218 274 1303 327 A-‘

83 351 362 411 lexander
377 353 437 409 in
451 349 646 409 cilicia
667 350 966 431 deposuiffe
979 350 1123 432 apud
1138 353 1299 415 Solos

90 439 158 497 in
173 436 408 497 delubro
425 438 712 516 pecuniam
735 438 968 513 dicitur3
992 454 1048 498 et
1064 442 1303 499 Atheni-

89 522 239 585 enfis
258 522 560 582 Clisthenes
586 526 800 600 Junoni
823 526 1053 600 Samiae,
1078 528 1216 586 civis
1240 548 1303 586 e·

93 610 342 688 gregius,
366 630 492 670 cum
508 612 670 669 rebus
684 612 901 670 timeret
916 610 952 670 s
944 614 1029 671 uis
1033 654 1053 687 ,
1068 612 1301 674 filiarum

91 696 260 757 dotes
275 695 532 757 credidit.
581 694 670 754 sed
687 697 806 774 jam
831 697 903 756 de
918 699 1206 776 pet-judin
1232 698 1305 760 de

93 780 314 844 incestis
326 782 468 841 nihil
481 780 608 841 sane
623 785 732 842 hoc
747 782 967 862 quidem
978 784 1107 845 loco
1122 785 1217 844 dis
1204 804 1311 867 μιν·

95 868 334 928 tandum
349 867 444 928 est.
492 868 510 901 ‘
535 862 702 927 donis
718 871 872 948 impii
888 888 961 929 ne
975 872 1190 951 placare
1204 893 1308 932 au-

96 954 120 988 ‘
143 954 318 1015 deant
331 954 464 1013 deos
468 957 506 1027 ,²
511 955 794 1017 Platonem
807 956 1039 1015 audiant
1050 980 1067 1029 3
1094 961 1192 1037 qui
1206 978 1313 1019 ve·

95 1057 187 1101 tat
199 1041 472 1113 dubitare,
497 1061 606 1120 qua
617 1039 682 1099 fit
704 1058 891 1101 mente
917 1042 1131 1102 futurus
1146 1044 1306 1123 deus,

95 1148 234 1190 cum
259 1128 352 1186 vir
373 1148 539 1186 nemo
553 1129 736 1187 bonus
759 1131 830 1188 ab
852 1131 1112 1210 improbo
1130 1129 1185 1190 se
1198 1131 1307 1191 do·

94 1216 228 1275 nari
243 1213 400 1274 velit.
423 1214 624 1292 diligen
631 1218 710 1274 tia
722 1232 987 1275 votorum
1004 1214 1131 1276 satis
1146 1219 1205 1275 in
1223 1218 1305 1277 le·

97 1322 176 1382 ge
195 1299 448 1372 dictust,
469 1322 534 1358 ac
557 1305 685 1361 voti
701 1300 941 1381 sponfio‚
964 1324 1073 1382 qua
1090 1304 1317 1381 obliga-.-

97 1390 232 1449 mui·
245 1386 372 1447 deo,
419 1406 602 1466 poena
613 1407 750 1447 vero
765 1388 1005 1447 violatae
1020 1389 1305 1469 religionis

93 1473 300 1555 justam
315 1469 712 1535 recusationem
728 1496 847 1535 non
860 1477 1047 1536 habet.
1096 1476 1229 1556 quid
1243 1498 1304 1536 e-

103 1582 184 1640 go
200 1562 292 1619 hic
308 1559 694 1623 sceleratorum
709 1577 834 1621 utar
845 1562 1143 1642 exemplis?
1162 1583 1311 1643 quo·-
1359 1564 1364 1568 ’

101 1666 232 1707 rum
259 1644 384 1705 sunt
410 1647 610 1727 plenae
627 1649 965 1727 tragoediae.
1012 1669 1153 1729 quae
1176 1666 1321 1711 ante

101 1732 302 1792 oculos
325 1731 560 1807 sunt,ca
583 1737 772 1813 potius
797 1738 1163 1813 attingantur.
1210 1734 1311 1797 etfi

104 1823 242 1879 haec
257 1823 712 1880 commemoratio
727 1842 925 1881 vereor
940 1844 1013 1882 ne
1027 1822 1187 1903 supra
1200 1827 1325 1882 ho·-

103 1906 276 1965 minis
312 1905 594 1966 fortunam
631 1905 734 1967 effi:
767 1908 1054 1968 videatur:
1096 1924 1311 1985 tamen,

105 1994 374 2071 quoniam
397 1994 532 2053 mihi
546 1991 722 2055 sermo
743 1994 820 2054 est
839 1996 986 2075 apud
1014 2016 1143 2067 vos,
1168 1994 1311 2055 nihil

107 2080 380 2139 reticebo:
417 2079 694 2160 velimque
730 2084 863 2156 hoc,
900 2083 1057 2160 quod
1082 2082 1323 2161 loquat-5·

106 2164 216 2224 diis
229 2165 634 2225 immortalibus
659 2182 877 2245 gratum
903 2170 1089 2247 potius
1102 2167 1307 2244 videri,
1434 2232 1443 2239 ,

65 2274 90 2315 7
107 2270 276 2331 quam
287 2272 476 2330 grave.
503 2263 542 2301 ’κ’
560 2263 596 2301 ¹*
614 2263 651 2299 *τ
771 2256 974 2313 Omnia
990 2269 1107 2315 tum
1124 2253 1317 2333 perdi-—

109 2354 296 2401 torum
309 2339 514 2399 civium
529 2337 746 2415 scelere,
767 2336 989 2399 discessu
1004 2360 1155 2415 meo,
1178 2339 1323 2399 reli-⁰

109 2425 344 2502 gionum
361 2425 492 2502 jura
513 2424 726 2504 polluta
737 2424 905 2486 sunt:
930 2427 1119 2486 vexati
1134 2425 1321 2487 nostri.

109 2515 284 2573 Lares
296 2508 616 2575 familiares:
630 2513 692 2575 in
707 2533 901 2577 eorum
912 2512 1129 2577 sedibus
1140 2530 1315 2574 exae-
1382 2558 1387 2563 .
