1684 3084
392 207 686 266 LIBER
726 209 1188 268 TERTIUS,
1303 226 1326 267 1
1351 226 1430 286 1=3

200 312 425 384 Aegaeo
440 306 706 366 excitavit
718 308 881 367 mari.
913 327 978 366 ac
993 304 1182 366 nostro
1199 307 1424 385 quidem

198 414 335 468 ave,
358 413 485 452 cum
516 413 606 451 res
636 391 767 452 esset
794 391 864 451 ad
890 391 941 450 se
961 391 1162 468 delata,
1187 399 1424 453 Scaurus

194 477 419 553 consul,
434 478 457 510 ‘
473 480 709 554 utinam,
739 480 947 557 inquit,
992 485 1184 539 Marce
1202 480 1423 555 Cicem,

200 567 224 600 ‘
246 564 353 626 isto
374 567 565 626 animo
588 581 755 646 atque
782 568 992 624 virtute
1019 565 1080 624 in
1107 562 1314 624 summa
1336 587 1422 626 re·

200 653 225 686 ‘
249 651 471 734 publica
486 649 773 712 nobiscum
784 649 1012 726 vei-fiiri,
1034 671 1202 732 quam
1219 652 1279 710 in
1297 673 1420 712 mu·

202 740 227 774 ‘
250 737 477 818 nicipali
506 737 799 798 maluisses!
824 741 841 766 ’
867 741 1250 819 quamobrem,
1279 759 1422 818 quo-

214 828 369 886 niam
386 845 511 884 non·
529 823 976 904 recognoscimus
992 845 1142 886 nunc
1158 825 1304 903 leges
1320 847 1424 904 po·

204 911 327 995 puli
351 914 613 988 Romani,
636 912 727 972 sed
742 927 837 970 aut
851 913 1150 992 repetimus
1185 927 1422 992 ereptas,

206 1014 307 1058 aut
336 1019 515 1058 novas
546 997 863 1058 scribimus:
885 1019 1016 1056 non
1051 996 1183 1076 quid
1215 1000 1282 1056 ab
1311 1002 1424 1060 hoc

204 1085 421 1166 populo
436 1086 673 1145 obtineri
688 1085 872 1164 poffit‚
895 1083 984 1144 sed
999 1084 1132 1164 quid
1147 1087 1422 1163 optimum

205 1172 294 1249 fit,
310 1173 411 1231 tibi
426 1171 717 1232 dicendum
734 1187 896 1252 puto.
931 1191 1060 1231 nam
1077 1171 1274 1230 Cassiae
1288 1172 1423 1251 legis

208 1259 431 1339 culpam
446 1260 629 1338 Scipio
646 1273 775 1317 tuus
790 1255 1034 1331 sustinet,
1061 1277 1178 1337 quo
1201 1263 1425 1319 austor'e

208 1346 321 1406 lata
335 1342 439 1403 effe
452 1344 675 1404 dicitur.
702 1359 787 1420 tu,
802 1343 843 1403 fi
860 1343 1194 1402 tabellariam
1209 1343 1424 1424 tuleris,

208 1430 323 1512 ipse
338 1429 653 1510 praestabis.
680 1451 785 1490 nec
798 1433 948 1490 enim
965 1430 1100 1490 mihi
1117 1427 1427 1510 placet,nee

209 1519 407 1578 Attico
422 1517 635 1593 nosti-0,
674 1533 946 1597 quantum
971 1537 1002 1576 e
1016 1515 1177 1576 vultu
1193 1517 1314 1593 ejus
1336 1520 1424 1578 in-

146 1629 167 1664 1
177 1631 201 1676 7
213 1605 428 1682 telligo.
520 1610 569 1662 A
579 1623 615 1662 τ
628 1623 695 1662 τι
710 1623 741 1662 c
753 1623 793 1663 υ
806 1625 833 1663 s
845 1605 999 1663 ,mihi
1013 1623 1150 1663 vero
1167 1603 1303 1661 nihil
1317 1624 1426 1666 un-

212 1711 381 1773 quam
396 1690 663 1770 populare
677 1688 1140 1770 placuitzeamque
1155 1691 1425 1768 optimam

212 1776 601 1858 rempublicam
614 1773 716 1836 ess'h
738 1775 908 1856 duco,
939 1795 1103 1856 quam
1126 1777 1218 1836 hic
1232 1778 1426 1840 consul

212 1862 594 1939 constituerat,
624 1861 847 1942 quae-fit
863 1865 923 1921 in
940 1861 1261 1942 potestatem
1277 1868 1425 1946 opti·-

212 1969 456 2012 morum.
506 1955 759 2010 Manen
775 1971 825 2010 s.
851 1969 959 2009 vos
981 1949 1224 2025 demum,
1245 1965 1310 2008 ut
1337 1955 1427 2012 vi-⁸

212 2037 344 2113 deo,
365 2035 540 2114 legem
569 2035 892 2115 antiquastis
906 2033 1038 2096 fine
1068 2036 1284 2096 tabella.
1337 2037 1427 2100 sed

214 2145 341 2202 ego,
361 2121 458 2182 etfi
486 2120 612 2182 fitis
642 2122 788 2182 dixit
822 2141 934 2202 pro
957 2119 1008 2182 se
1039 2124 1100 2180 in
1133 2121 1240 2181 illis
1271 2123 1426 2185 libris

213 2211 608 2290 Scipioqtamen
624 2209 926 2268 libertatem
943 2207 1092 2268 istam
1107 2208 1314 2285 largior
1328 2229 1430 2291 po-

216 2297 445 2378 pulo,ut
456 2311 515 2354 et
530 2298 855 2356 auetoritate
871 2293 1112 2372 valeant,
1127 2309 1182 2354 et
1199 2311 1429 2358 utantur

216 2385 408 2443 bonis,
447 2381 527 2442 >fic
552 2385 700 2442 enim
734 2405 765 2441 a
788 2403 877 2442 me
899 2383 1122 2440 recitata
1152 2380 1244 2440 lex
1265 2381 1338 2442 est
1361 2383 1430 2442 de

218 2467 510 2547 suffragiis·
542 2467 565 2498 ‘
580 2471 944 2550 optimatibus
960 2483 1116 2543 nota,
1134 2469 1278 2547 plebi
1293 2469 1428 2528 libe·

220 2555 244 2593 ‘
265 2577 329 2628 ra
341 2553 798 2637 sunto.’quae1ex
808 2560 956 2619 hanc
965 2552 1290 2616 sententiam
1299 2573 1432 2615 con-
