1684 3084
352 150 426 194 10
666 130 797 186 DE
842 130 1296 187 LEGIBUS

330 225 569 310 ponam?
594 246 737 308 quae
758 241 815 286 et
836 224 1148 306 conscripta
1169 225 1304 288 sunt
1317 248 1360 287 a
1373 228 1571 290 multis

330 315 647 392 diligenter,
672 328 729 372 et
746 311 877 372 sunt
895 313 1210 388 humiliora,
1237 334 1418 394 quam
1447 316 1568 392 illa,

328 419 475 482 quae
488 421 521 460 a
534 401 699 460 vobis
718 396 1018 478 exspectari
1032 415 1194 479 puto.
1299 405 1304 409 ’
1335 409 1444 461 AT
1457 424 1496 462 τ
1511 423 1565 462 1-
1582 407 1603 450 5
1673 386 1675 506 γ

338 507 374 548 c
388 507 427 548 u
442 508 467 548 s
478 526 495 548 .
520 487 699 566 atqui,
720 483 761 544 fi
774 505 1026 564 quaeres,
1049 506 1158 562 ego
1173 485 1314 564 quid
1329 485 1562 566 exspec-

331 591 467 634 tem:
480 575 749 651 quoniam
762 570 1024 651 scriptum
1037 569 1112 630 est
1129 593 1162 629 a
1175 587 1234 630 te
1247 570 1321 631 de
1335 576 1560 653 optimo

326 658 663 740 reipublicae
691 654 851 732 statu,
877 653 1222 735 consequens
1263 655 1374 716 esse
1403 659 1558 720 vide-

328 761 447 820 tur,
473 759 540 804 ut
559 741 763 804 scribas
784 759 848 802 tu
865 743 1010 802 idem
1031 743 1100 802 de
1119 742 1364 820 legibus.
1415 743 1488 804 fic
1501 764 1557 804 e-

326 832 449 892 nim
472 827 653 890 fecisse
679 828 843 890 video
867 828 1158 890 Platonem
1178 828 1340 889 illum
1365 845 1552 908 tuum,
1675 837 1677 844 '

328 936 499 1000 quem
512 932 575 978 tu
588 913 896 989 admiraris,
922 936 1088 996 quem
1109 917 1382 976 omnibus
1399 933 1554 978 ante·
1677 950 1679 1000 ς

328 1005 525 1084 ponis,
542 1023 707 1083 quem
720 1003 962 1064 maxime
975 1001 1185 1080 diligis.
1217 1009 1386 1064 ΜΔΕ
1401 997 1548 1066 ct'ss.

331 1089 492 1152 visne
516 1092 717 1167 igitur,
759 1103 823 1147 ut
853 1088 947 1148 ille
979 1095 1146 1148 Crete
1173 1109 1308 1149 cum
1341 1090 1548 1166 Clinia,

330 1193 391 1236 et
418 1197 547 1236 cum
566 1175 1010 1236 Lacedaemonio
1041 1173 1298 1252 Megill0,
1315 1175 1548 1251 aestivo,

332 1261 798 1342 quemadmodum
813 1259 1094 1336 describit,
1115 1259 1225 1336 die,
1252 1261 1318 1320 in
1332 1257 1550 1342 cupres-
1679 1232 1681 1318 Ῐ

332 1348 464 1410 setis
496 1347 852 1422 Gnosiorum,
883 1363 942 1406 et
968 1345 1160 1426 spatiis
1191 1345 1548 1424 silvestribus,

332 1437 530 1498 crebro
552 1431 793 1494 insistens
811 1476 832 1509 ‚
871 1433 1148 1492 interdum
1177 1433 1550 1512 acquiescens,

271 1511 277 1516 ’
334 1522 404 1582 de
420 1519 679 1582 institutis
697 1540 880 1580 rerum
895 1519 1266 1600 publicarum,
1280 1541 1346 1579 ac
1359 1519 1434 1580 de
1447 1540 1548 1600 op-
1681 1514 1683 1648 Ι

332 1610 487 1668 timis
502 1607 711 1684 legibue
741 1605 1007 1688 disputate
1031 1603 1102 1666 fic
1129 1626 1238 1666 nos
1269 1607 1422 1666 inter
1453 1610 1550 1666 has

332 1693 729 1775 procerissimas
743 1691 1070 1774 populosjn
1085 1691 1252 1752 viridi
1265 1712 1550 1772 opacaque

334 1781 455 1859 ripa
468 1777 1017 1853 inaxnbulantes‚tum
1031 1793 1214 1840 autem
1229 1777 1548 1854 residentes,

320 1877 660 1946 ‘quaeramus
677 1862 862 1924 iisdem
879 1864 948 1926 de
963 1866 1121 1924 rebus
1138 1864 1346 1944 aliquid
1363 1866 1548 1924 uberi·
1681 1832 1683 1952 1

334 1972 425 2028 us,
464 1971 631 2030 quam
660 1949 892 2012 forenfis
917 1949 1042 2010 usus
1075 1947 1363 2010 defiderat?
1414 1956 1542 2011 Ar·
1681 1953 1683 1972 '

340 2059 379 2098 τ
394 2059 413 2098 ι
428 2058 461 2098 c
474 2058 512 2098 u
526 2057 553 2098 s
564 2057 686 2116 .ego
701 2057 839 2098 vero
853 2034 948 2098 ista
961 2035 1150 2096 audire
1163 2037 1464 2116 cupimMA
1473 2055 1542 2096 a·

340 2123 645 2204 cus.quid
658 2123 735 2182 ait
750 2121 1544 2200 Quintus?Q‚utN·rus.nul-

334 2213 392 2274 la
414 2211 483 2272 de
504 2234 564 2274 re
586 2212 779 2288 magis.
827 2213 1030 2270 MAxc
1045 2228 1084 2268 υ
1099 2229 1150 2267 s.
1175 2223 1234 2268 et
1255 2212 1397 2268 recte
1419 2209 1542 2289 qui-

334 2297 483 2358 dem.
532 2317 658 2358 nam
687 2294 757 2357 fic
784 2297 1062 2369 habetote,
1085 2293 1242 2354 nullo
1263 2295 1324 2357 in
1346 2303 1543 2372 genere

334 2379 847 2458 disputandimagis
872 2379 1093 2440 honeste
1116 2378 1390 2460 patefieri,
1409 2381 1540 2460 quId

332 2463 399 2526 fit
410 2465 625 2526 homini
639 2465 908 2530 tributum
921 2481 1415 2550 natura5quantam
1428 2468 1540 2528 vim
