1684 3084
325 173 450 238 160
540 175 656 233 DE
689 130 903 233 Nn.
938 173 1320 234 DEORUM
1358 139 1366 144 ’

313 276 595 341 defendat.
631 277 895 336 cornibus
914 279 1081 352 tauri,
1108 276 1229 355 apri
1242 263 1539 355 dentibuS,

317 363 504 428 morsu
517 364 744 436 leone-«33
779 362 913 422 aliae
935 363 1065 442 fuga
1080 361 1159 438 se,·
1186 363 1534 424 aliaeoocul·

317 453 536 514 tatione
549 466 826 509 tutantur:
854 452 1149 510 atramenti
1164 449 1435 510 efflafione
1450 444 1534 511 se-

315 543 462 622 piae,
485 533 714 618 ton-pore
741 538 1081 620 torpedines.
1130 537 1341 595 multae
1361 540 1533 599 etiam

309 623 645 688 insectantes
673 623 865 682 odoris
900 613 1237 683 intolerabili
1258 623 1533 684 foeditate

311 707 617 800 depellunt.
705 717 830 768 Ut
850 727 993 770 vero
1019 719 1319 790 perpetuus
1334 712 1531 794 mundi
1550 727 1607 772 5¹

311 797 444 858 'effet
465 811 722 871 ornatus,
752 815 952 874 magna
974 797 1213 856 adhibita
1234 817 1368 856 cura
1388 797 1467 858 est
1494 819 1531 859 a

312 883 666 966 providentia
693 877 944 972 deormn,
966 895 1043 942 ιιι
1052 881 1261 963 semper
1283 873 1457 946 effent
1472 899 1533 944 et

312 970 599 1030 bestiarum
614 991 837 1047 genera,
860 985 917 1028 et
932 973 1217 1044 arborum,
1240 973 1529 1031 omnium-

311 1077 424 1138 que
437 1077 786 1135 rerurn,quae
801 1057 941 1115 altae
958 1073 1053 1116 aut
1068 1057 1342 1117 radicibus
1360 1077 1397 1115 a
1408 1073 1529 1118 ter·

311 1165 396 1220 ra,
444 1157 542 1202 aut
569 1141 824 1222 stirpibus
866 1145 1308 1208 continerentur.
1378 1165 1531 1224 quae

309 1230 536 1334 ςὐἰάειιι
566 1230 758 1288 omnia
791 1249 910 1288 eam
933 1233 1050 1289 vim
1071 1229 1289 1289 seminis
1314 1233 1529 1291 habent

307 1320 372 1378 in
389 1313 494 1393 se,
495 1331 556 1375 ut
571 1336 776 1375 eximo
790 1317 948 1396 plura
964 1309 1326 1395 generentur.
1352 1317 1527 1398 idque

309 1397 490 1465 semen
507 1398 772 1462 indusum
787 1402 937 1464 estin
950 1405 1147 1464 intima
1163 1419 1524 1485 parte-earum

310 1495 620 1565 baccarum,
665 1509 806 1568 quae
835 1511 907 1549 ex
944 1511 1163 1571 quaque
1192 1490 1353 1572 stirpe
1382 1492 1524 1551 fisn-

307 1579 549 1640 duntur:
587 1574 895 1656 iisdemque
921 1576 1216 1637 seminibus
1246 1593 1303 1636 et
1330 1581 1521 1638 horni-

308 1688 411 1728 nes
427 1664 636 1724 affatim
659 1663 977 1741 vescuntur,
1008 1681 1065 1724 et
1088 1682 1261 1724 terrae
1274 1665 1523 1744 ejusdem

306 1754 524 1836 generis
531 1747 798 1829 stirpium
829 1755 1198 1836 renovatione
1226 1750 1521 1832 complen-

305 1859 419 1904 tur.
467 1838 602 1919 quid
614 1837 838 1917 loquar,
871 1857 1081 1918 quanta
1098 1842 1239 1899 ratio
1256 1841 1315 1897 in
1330 1838 1521 1901 bestiis

304 1926 392 1992 ad
391 1942 710 2010 perpetuam
723 1925 1197 1986 conservationem
1213 1947 1395 1986 earum
1412 1947 1519 2006 ge·

305 2018 453 2077 neris
471 2013 890 2093 apparea't3‘na'm
906 2015 1142 2093 primum
1160 2014 1297 2073 aliae
1312 2033 1518 2090 mares,

303 2103 442 2162 aliae
469 2101 744 2160 foeminae
765 2097 923 2159 sunt:
947 2102 1101 2179 quod
1131 2102 1519 2185 perpetuitatis

301 2191 459 2255 causa
473 2187 782 2248 machinata
795 2201 992 2245 natura
1008 2187 1102 2248 est.
1116 2187 1313 2247 deinde
1328 2204 1516 2266 partes

301 2277 556 2358 corporis
571 2289 628 2332 et
645 2270 714 2329 ad
727 2275 1148 2350 procreandum,
1164 2290 1218 2332 et
1235 2274 1303 2333 ad
1320 2276 1515 2335 conci·

299 2363 564 2444 piendum
593 2358 915 2437 aptiffimae·
954 2376 1012 2420 et
1046 2363 1109 2418 in
1148 2379 1318 2437 mare,
1362 2377 1417 2419 et
1446 2363 1512 2422 in

297 2452 542 2510 foemina
555 2441 1083 2506 commiscendorum
1096 2465 1395 2526 corporum
1408 2450 1514 2506 mi-
1578 2483 1587 2490 -

297 2553 398 2606 rae
407 2532 686 2600 flbidines.
733 2549 863 2591 cum
876 2547 1061 2594 autem
1074 2535 1137 2594 in
1160 2532 1315 2597 loeis
1322 2531 1513 2598 semen
