1684 3084
352 183 474 258 176
563 143 682 243 br:
715 185 933 244 NAT.
963 185 1351 245 DEORUM

342 285 542 346 borum
559 299 740 345 autem
763 281 1135 362 confectione,
1160 306 1199 346 o
1300 287 1435 366 'que
1448 301 1556 347 ma-

341 373 566 449 teria,et
580 371 750 446 culta,
769 387 828 432 et
839 369 1087 449 silvestri,
1108 393 1211 456 par.
1237 374 1315 432 ‘m
1329 372 1403 432 ad
1418 373 1559 434 cale·

341 457 659 520 faciendum
690 458 918 540 corpus,
956 460 1075 538 igni
1106 457 1383 535 adhibite,
1405 476 1465 520 et
1494 459 1561 522 ad

341 545 712 626 mitigandum
729 547 913 606 cibum
928 547 1373 628 utimur‚partim
1390 544 1463 606 ad
1478 565 1561 606 ae-

342 633 702 709 dificandum,
724 649 788 694 ut
810 634 968 694 tetftis
999 632 1137 716 septi
1164 631 1379 712 frigora
1410 633 1558 694 ealo-

339 718 536 801 resque
563 719 854 802 pellamus.
900 740 1139 799 magnos
1162 740 1302 780 vero
1324 717 1459 782 usus
1480 720 1560 782 af-

339 805 448 868 fert
463 805 532 868 ad
546 808 766 886 navigia
780 805 1299 888 facienda,quorum
1312 805 1561 870 cudibus

339 893 761 978 suppeditantur
791 915 988 955 ornnes
1021 893 1269 975 undique
1293 893 1363 954 ad
1384 896 1562 960 vitam

341 985 570 1066 copiae}
593 979 836 1064 quasque
851 1003 941 1044 res
956 981 1374 1043 violentiffimas
1392 999 1560 1042 natu·

341 1091 404 1132 ra
415 1073 632 1151 genuit,
661 1088 851 1130 earum
865 1069 1311 1132 moderationem
1328 1090 1445 1132 nos
1460 1067 1563 1130 soli

339 1161 627 1234 habemus„
649 1159 812 1218 maris
843 1171 1015 1239 atque
1037 1171 1365 1233 ventorum,
1390 1178 1561 1240 prop-

339 1259 430 1306 ter
458 1247 801 1307 nauticarum
825 1265 1007 1306 rerum
1030 1241 1353 1306 scientiam:
1386 1243 1560 1326 pluri-

339 1331 552 1413 misque
580 1333 872 1394 maritimis
902 1334 1066 1393 rebus
1099 1331 1359 1409 fruimur,
1392 1348 1562 1414 atque

341 1420 578 1481 utimum·
624 1436 972 1482 terrenorum
989 1422 1117 1480 item
1134 1418 1561 1485 commodorum

342 1508 531 1570 omnis
545 1505 618 1568 est
633 1509 693 1567 in
709 1509 937 1570 homine
950 1506 1411 1571 dominatusmos
1418 1529 1564 1568 eam·

339 1597 454 1678 pis,
475 1616 584 1658 nos
605 1597 892 1659 montibus
920 1594 1186 1656 fruimur=
1228 1595 1401 1656 nostri
1434 1593 1559 1656 sunt

341 1703 556 1758 amnes,
583 1681 755 1744 nostri
769 1681 950 1745 lacus:
983 1702 1091 1744 nos
1107 1682 1291 1760 fruges
1306 1680 1555 1760 serimus,

337 1789 451 1830 nos
468 1773 828 1832 arborestnos
845 1792 1115 1852 aquarum
1130 1769 1551 1838 induitionibus

337 1857 502 1916 terris
531 1856 963 1919 foecunditatem
984 1858 1212 1918 damus:
1238 1877 1348 1918 nos
1370 1857 1553 1918 flumi-

336 1965 416 2005 na
431 1961 701 2021 arcemuS,
725 1945 1038 2024 dirigimnS,
1060 1945 1394 2025 avertimus:
1422 1941 1551 2006 nos·

338 2033 444 2092 tris
471 2031 712 2112 denique
741 2035 996 2092 manibus
1034 2035 1097 2092 in
1132 2047 1313 2092 rerum
1353 2047 1555 2092 natura

337 2116 490 2200 quafi
507 2119 732 2180 alteram
755 2135 1009 2180 naturam
1032 2119 1241 2180 efficere
1256 2139 1549 2181 conamur.

341 2206 493 2284 Quid
508 2207 673 2268 vero?
700 2209 990 2268 hominum
1023 2207 1167 2266 ratio
1198 2209 1403 2266 nonin
1418 2227 1549 2267 coe·
1572 2230 1622 2272 61

335 2294 454 2354 lum
469 2292 638 2374 usque
659 2294 1009 2375 penetravit?
1036 2291 1138 2354 soli
1158 2295 1309 2354 enim
1330 2314 1406 2354 ex
1425 2294 1545 2354 ani-

335 2382 612 2440 mantibus
644 2402 750 2440 nos
787 2381 1053 2442 astrorum
1088 2397 1279 2457 orum,
1326 2380 1513 2441 obitus
1526 2425 1579 2464 ,

335 2463 622 2545 cursusque
637 2468 1037 2545 cognovimus·
1062 2470 1131 2529 ab
1145 2469 1439 2530 hominum
1450 2489 1545 2546 ge

327 2571 468 2614 ,nere
483 2550 670 2614 finitus
696 2551 770 2615 est
791 2553 931 2630 dies,
954 2554 1178 2636 meniis,
1198 2575 1418 2618 annus·
1448 2553 1543 2616 de-
