1684 3084
318 141 435 202 106
658 143 787 199 ΒΕ
832 143 1308 202 LEGIBUS

306 239 493 300 nostra
506 238 643 300 salus
656 259 779 298 eura
794 260 916 299 non
929 238 1086 300 effet?
1134 241 1298 319 quod
1313 239 1360 300 fi
1375 243 1432 302 is
1451 263 1548 302 ca·

306 324 397 386 sus
408 325 591 387 fuiffet
610 345 813 401 rerum,
836 346 980 405 quas
1007 347 1115 405 pro
1138 325 1320 386 salute
1345 331 1546 408 reipu-

306 413 477 474 blicae
498 411 767 491 gemmae,
788 427 854 470 ut
880 432 1002 472 non
1031 415 1298 472 omnibus
1330 430 1546 491 gratus

302 497 468 582 effen
490 515 549 558 et
572 497 613 558 fi
636 519 745 558 nos
766 498 1139 558 multitudinis
1160 502 1254 558 vis
1277 499 1544 560 fiat-entis

306 587 643 646 inflammata
672 585 884 644 invidia
911 581 1230 664 pepuiiffet,
1271 584 1313 643 fi
1347 588 1546 646 tribu·

304 692 417 732 nus
436 672 674 751 aliquis
658 692 719 730 m
742 691 832 730 me
863 671 1152 752 populum,
1175 669 1320 730 ficut
1346 679 1541 734 Grac-

304 759 475 822 chus‘
458 779 519 818 m
532 763 860 831 Laenatem,
881 759 1251 816 Saturninus
1236 779 1300 816 m
1319 759 1536 818 Metel-

304 845 443 920 lum,
462 839 733 904 incitass'et
748 865 775 902 τ
790 842 1078 920 ferremus,
1099 845 1152 904 ‹⁴›-
1165 847 1388 919 Quinte
1409 844 1532 904 fra·

306 948 391 992 ter
404 955 423 992 ε
448 928 973 1010 consolarenturque
995 951 1103 989 nos
1121 950 1243 990 non
1259 947 1378 990 tam
1391 934 1528 1011 phi·

302 1018 545 1100 Iosophi,
566 1020 667 1099 qui
678 1019 918 1076 Athenis
931 1015 1176 1091 fuerunt,
1191 1020 1292 1096 qui
1309 1021 1426 1078 hoc
1441 1017 1528 1077 fa-

304 1127 429 1168 oere
442 1106 665 1181 debent,
686 1125 854 1184 quam
865 1101 1130 1162 clasillimi
1145 1104 1274 1176 viri,
1307 1107 1410 1183 qui
1426 1103 1526 1164 illa

306 1195 443 1254 urbe
456 1189 613 1273 pulfi,
634 1211 819 1251 mere
838 1193 1058 1267 ingrata
1069 1191 1319 1263 civitate,
1343 1211 1522 1270 qnam

304 1299 531 1340 manere
542 1279 605 1337 in
624 1279 880 1358 improba
893 1276 1222 1336 maluerunt.
1251 1279 1518 1356 Pompei·

306 1385 549 1428 umvero
565 1363 717 1442 quod
731 1384 843 1422 una
866 1360 1034 1422 istain
1051 1382 1108 1420 re
1125 1382 1244 1421 ιιοιι
1257 1363 1342 1422 ita
1355 1362 1518 1423 valde

300 1455 531 1534 probas,
550 1452 651 1510 vix
664 1446 791 1508 satis
806 1450 942 1508 mihi
955 1445 1092 1508 illud
1104 1447 1309 1507 videris
1323 1465 1509 1510 atten-

303 1540 461 1617 dere,
482 1558 603 1598 ιιοιι
616 1532 792 1597 solum
814 1538 888 1609 ei,
913 1535 1046 1614 quid
1066 1531 1196 1594 esset
1208 1535 1510 1614 optimum,

305 1624 605 1688 videndum
618 1620 793 1724 finisse?
816 1620 906 1680 sed
921 1623 1084 1680 etiam
1115 1619 1250 1700 quid
1271 1620 1506 1682 neceffa·

304 1715 469 1774 rium.
514 1707 675 1770 senfit
698 1710 850 1770 enim
871 1707 1054 1769 deberi
1077 1728 1196 1767 non
1211 1704 1362 1786 poffe
1377 1710 1506 1770 huie

304 1799 513 1861 civitati
542 1796 691 1856 illam
720 1793 1062 1874 potestatem.
1105 1795 1310 1874 quippe
1339 1815 1502 1874 quam

305 1901 597 1964 tantopere
612 1881 852 1962 populus
879 1879 1060 1940 noster
1074 1881 1324 1958 ignotam
1337 1901 1497 1960 expe-

306 1971 472 2046 ιιιιὲι,
488 1973 582 2048 qui
598 1966 773 2049 poffiet
786 1987 968 2026 carere
982 1965 1233 2044 cognita?
1247 1964 1496 2045 sapientis

298 2074 485 2120 autem
499 2058 641 2116 civis
652 2051 995 2127 fuit‚eausam
1005 2073 1106 2114 nec
1122 2049 1496 2130 perniciosam,

302 2162 361 2204 et
372 2147 451 2204 ita
466 2140 781 2222 popularem
797 2155 860 2198 ιιι
875 2161 994 2198 ιιοιι
1003 2135 1178 2219 poffet
1187 2135 1496 2218 obfisti,per-

304 2228 510 2292 niciose
524 2226 775 2328 populafi
791 2228 902 2285 civi
917 2245 1038 2284 non
1054 2223 1380 2303 relinquere.
1397 2223 1493 2286 seis

303 2317 497 2388 solere,
517 2314 706 2387 frater,
728 2314 791 2372 ιιι
814 2315 888 2370 hu
885 2309 1128 2389 Jufinodn
1148 2308 1414 2386 sermone,
1433 2328 1494 2372 ut

288 2399 513 2462 tranfiri
543 2398 651 2456 alio
680 2397 861 2476 poffit,
891 2417 978 2456 AD
1021 2415 1332 2471 Monuni,
1367 2397 1487 2458 diei.

278 2492 637 2546 .Αττιουε.
658 2480 926 2566 prorsus
911 2497 986 2542 uta
1014 2479 1111 2544 est·
1144 2489 1548 2558 QU1NTUS.12
