<?xml version="1.0" encoding="UTF-8"?>
<!DOCTYPE html PUBLIC "-//W3C//DTD XHTML 1.0 Transitional//EN"
    "http://www.w3.org/TR/xhtml1/DTD/xhtml1-transitional.dtd">
<html xmlns="http://www.w3.org/1999/xhtml" xml:lang="en" lang="en">
 <head>
  <title>
</title>
<meta http-equiv="Content-Type" content="text/html;charset=utf-8" />
  <meta name='ocr-system' content='tesseract 3.04.00' />
  <meta name='ocr-capabilities' content='ocr_page ocr_carea ocr_par ocr_line ocrx_word'/>
</head>
<body>
  <div class='ocr_page' id='page_1' title='image "./mtulliiciceroni08unkngoog/mtulliiciceroni08unkngoog_0112.png"; bbox 0 0 1684 3084; ppageno 0'>
   <div class='ocr_carea' id='block_1_1' title="bbox 327 123 1588 2540">
    <p class='ocr_par' dir='ltr' id='par_1_1' title="bbox 342 123 1344 203">
     <span class='ocr_line' id='line_1_1' title="bbox 342 123 1344 203; baseline -0.004 -15"><span class='ocrx_word' id='word_1_1' title='bbox 342 141 461 203; x_wconf 67' lang='lat'>104</span> <span class='ocrx_word' id='word_1_2' title='bbox 546 125 665 184; x_wconf 82' lang='lat' dir='ltr'>DE</span> <span class='ocrx_word' id='word_1_3' title='bbox 696 126 911 183; x_wconf 83' lang='lat' dir='ltr'>NAT.</span> <span class='ocrx_word' id='word_1_4' title='bbox 943 123 1344 184; x_wconf 74' lang='lat' dir='ltr'>DEORUM</span> 
     </span>
    </p>

    <p class='ocr_par' dir='ltr' id='par_1_2' title="bbox 327 219 1588 2540">
     <span class='ocr_line' id='line_1_2' title="bbox 331 219 1564 304; baseline 0.001 -19"><span class='ocrx_word' id='word_1_5' title='bbox 331 244 422 286; x_wconf 77' lang='lat' dir='ltr'>us.</span> <span class='ocrx_word' id='word_1_6' title='bbox 468 243 627 304; x_wconf 86' lang='lat' dir='ltr'>ergo,</span> <span class='ocrx_word' id='word_1_7' title='bbox 650 224 860 303; x_wconf 81' lang='lat' dir='ltr'>inquit,</span> <span class='ocrx_word' id='word_1_8' title='bbox 884 244 1010 283; x_wconf 86' lang='lat' dir='ltr'>cum</span> <span class='ocrx_word' id='word_1_9' title='bbox 1041 221 1122 284; x_wconf 91' lang='lat' dir='ltr'>sol</span> <span class='ocrx_word' id='word_1_10' title='bbox 1141 224 1350 302; x_wconf 78' lang='lat' dir='ltr'>igneus</span> <span class='ocrx_word' id='word_1_11' title='bbox 1371 219 1468 302; x_wconf 84' lang='lat' dir='ltr'>fit,</span> <span class='ocrx_word' id='word_1_12' title='bbox 1499 245 1564 286; x_wconf 91' lang='lat' dir='ltr'>o·</span> 
     </span>
     <span class='ocr_line' id='line_1_3' title="bbox 330 309 1563 390; baseline -0.002 -16"><span class='ocrx_word' id='word_1_13' title='bbox 330 314 601 390; x_wconf 78' lang='lat' dir='ltr'>ceanique</span> <span class='ocrx_word' id='word_1_14' title='bbox 622 309 797 370; x_wconf 78' lang='lat' dir='ltr'>alatur</span> <span class='ocrx_word' id='word_1_15' title='bbox 826 311 1176 383; x_wconf 75' lang='lat' dir='ltr'>humoribus,</span> <span class='ocrx_word' id='word_1_16' title='bbox 1201 312 1344 390; x_wconf 79' lang='lat' dir='ltr'>quia</span> <span class='ocrx_word' id='word_1_17' title='bbox 1365 311 1563 372; x_wconf 81' lang='lat' dir='ltr'>nullus</span> 
     </span>
     <span class='ocr_line' id='line_1_4' title="bbox 330 395 1561 477; baseline 0 -19"><span class='ocrx_word' id='word_1_18' title='bbox 330 399 480 477; x_wconf 81' lang='lat' dir='ltr'>ignis</span> <span class='ocrx_word' id='word_1_19' title='bbox 497 395 609 458; x_wconf 80' lang='lat' dir='ltr'>fine</span> <span class='ocrx_word' id='word_1_20' title='bbox 624 395 773 477; x_wconf 83' lang='lat' dir='ltr'>pastu</span> <span class='ocrx_word' id='word_1_21' title='bbox 794 395 988 475; x_wconf 87' lang='lat' dir='ltr'>aliquo</span> <span class='ocrx_word' id='word_1_22' title='bbox 1009 395 1168 476; x_wconf 83' lang='lat' dir='ltr'>possit</span> <span class='ocrx_word' id='word_1_23' title='bbox 1186 417 1528 476; x_wconf 79' lang='lat' dir='ltr'>permanere</span> <span class='ocrx_word' id='word_1_24' title='bbox 1541 422 1561 458; x_wconf 74' lang='lat' dir='ltr'><em>z</em></span> 
     </span>
     <span class='ocr_line' id='line_1_5' title="bbox 327 479 1564 564; baseline 0 -18"><span class='ocrx_word' id='word_1_25' title='bbox 327 483 541 546; x_wconf 79' lang='lat' dir='ltr'>necess&#39;e</span> <span class='ocrx_word' id='word_1_26' title='bbox 567 483 663 558; x_wconf 85' lang='lat' dir='ltr'>est,</span> <span class='ocrx_word' id='word_1_27' title='bbox 684 497 780 543; x_wconf 84' lang='lat' dir='ltr'>aut</span> <span class='ocrx_word' id='word_1_28' title='bbox 808 485 860 542; x_wconf 91' lang='lat' dir='ltr'>ei</span> <span class='ocrx_word' id='word_1_29' title='bbox 884 479 1070 542; x_wconf 77' lang='lat' dir='ltr'>fimilis</span> <span class='ocrx_word' id='word_1_30' title='bbox 1098 480 1165 540; x_wconf 86' lang='lat' dir='ltr'>fit</span> <span class='ocrx_word' id='word_1_31' title='bbox 1186 484 1336 560; x_wconf 85' lang='lat' dir='ltr'>igni,</span> <span class='ocrx_word' id='word_1_32' title='bbox 1391 505 1564 564; x_wconf 81' lang='lat' dir='ltr'>quem</span> 
     </span>
     <span class='ocr_line' id='line_1_6' title="bbox 330 566 1565 648; baseline -0.002 -16"><span class='ocrx_word' id='word_1_33' title='bbox 330 569 654 632; x_wconf 80' lang='lat' dir='ltr'>adhibemus</span> <span class='ocrx_word' id='word_1_34' title='bbox 668 568 737 628; x_wconf 84' lang='lat' dir='ltr'>ad</span> <span class='ocrx_word' id='word_1_35' title='bbox 753 567 910 629; x_wconf 87' lang='lat' dir='ltr'>usum</span> <span class='ocrx_word' id='word_1_36' title='bbox 925 584 1092 648; x_wconf 81' lang='lat' dir='ltr'>atque</span> <span class='ocrx_word' id='word_1_37' title='bbox 1106 566 1180 627; x_wconf 79' lang='lat' dir='ltr'>ad</span> <span class='ocrx_word' id='word_1_38' title='bbox 1193 570 1445 644; x_wconf 62' lang='lat' dir='ltr'>vietuxm</span> <span class='ocrx_word' id='word_1_39' title='bbox 1459 586 1565 636; x_wconf 70' lang='lat' dir='ltr'>aut</span> 
     </span>
     <span class='ocr_line' id='line_1_7' title="bbox 328 655 1565 737; baseline -0.002 -19"><span class='ocrx_word' id='word_1_40' title='bbox 328 659 405 736; x_wconf 87' lang='lat' dir='ltr'>ei,</span> <span class='ocrx_word' id='word_1_41' title='bbox 427 659 523 737; x_wconf 90' lang='lat' dir='ltr'>qui</span> <span class='ocrx_word' id='word_1_42' title='bbox 546 657 878 737; x_wconf 75' lang='lat' dir='ltr'>corporibus</span> <span class='ocrx_word' id='word_1_43' title='bbox 897 655 1267 714; x_wconf 82' lang='lat' dir='ltr'>animantium</span> <span class='ocrx_word' id='word_1_44' title='bbox 1288 658 1565 717; x_wconf 82' lang='lat' dir='ltr'>contine·</span> 
     </span>
     <span class='ocr_line' id='line_1_8' title="bbox 328 739 1562 823; baseline -0.001 -19"><span class='ocrx_word' id='word_1_45' title='bbox 328 759 444 804; x_wconf 84' lang='lat' dir='ltr'>tur.</span> <span class='ocrx_word' id='word_1_46' title='bbox 487 753 659 823; x_wconf 77' lang='lat' dir='ltr'>&#39;atque</span> <span class='ocrx_word' id='word_1_47' title='bbox 682 744 773 802; x_wconf 87' lang='lat' dir='ltr'>hic</span> <span class='ocrx_word' id='word_1_48' title='bbox 802 739 988 802; x_wconf 84' lang='lat' dir='ltr'>noster</span> <span class='ocrx_word' id='word_1_49' title='bbox 1015 742 1186 818; x_wconf 81' lang='lat' dir='ltr'>ignis,</span> <span class='ocrx_word' id='word_1_50' title='bbox 1225 762 1403 821; x_wconf 83' lang='lat' dir='ltr'>quem</span> <span class='ocrx_word' id='word_1_51' title='bbox 1431 742 1562 803; x_wconf 78' lang='lat' dir='ltr'>usus</span> 
     </span>
     <span class='ocr_line' id='line_1_9' title="bbox 328 825 1563 911; baseline -0.001 -21"><span class='ocrx_word' id='word_1_52' title='bbox 328 831 477 891; x_wconf 81' lang='lat' dir='ltr'>vitae</span> <span class='ocrx_word' id='word_1_53' title='bbox 490 829 750 910; x_wconf 83' lang='lat' dir='ltr'>requirit,</span> <span class='ocrx_word' id='word_1_54' title='bbox 770 827 1058 889; x_wconf 62' lang='lat' dir='ltr'>confeetor</span> <span class='ocrx_word' id='word_1_55' title='bbox 1075 825 1152 888; x_wconf 87' lang='lat' dir='ltr'>est</span> <span class='ocrx_word' id='word_1_56' title='bbox 1165 843 1226 887; x_wconf 86' lang='lat' dir='ltr'>et</span> <span class='ocrx_word' id='word_1_57' title='bbox 1252 827 1563 911; x_wconf 72' lang='lat' dir='ltr'>consump-</span> 
     </span>
     <span class='ocr_line' id='line_1_10' title="bbox 328 914 1564 996; baseline -0.002 -18"><span class='ocrx_word' id='word_1_58' title='bbox 328 930 427 978; x_wconf 86' lang='lat' dir='ltr'>tor</span> <span class='ocrx_word' id='word_1_59' title='bbox 455 917 731 992; x_wconf 85' lang='lat' dir='ltr'>omnium,</span> <span class='ocrx_word' id='word_1_60' title='bbox 770 914 1051 995; x_wconf 83' lang='lat' dir='ltr'>idemque,</span> <span class='ocrx_word' id='word_1_61' title='bbox 1065 923 1450 996; x_wconf 83' lang='lat' dir='ltr'>&#39;quocumque</span> <span class='ocrx_word' id='word_1_62' title='bbox 1467 919 1564 976; x_wconf 85' lang='lat' dir='ltr'>in·</span> 
     </span>
     <span class='ocr_line' id='line_1_11' title="bbox 328 999 1562 1081; baseline 0.001 -17"><span class='ocrx_word' id='word_1_63' title='bbox 328 1002 491 1080; x_wconf 69' lang='lat' dir='ltr'>vasu,</span> <span class='ocrx_word' id='word_1_64' title='bbox 506 1005 705 1064; x_wconf 62' lang='lat' dir='ltr'>cun-sta</span> <span class='ocrx_word' id='word_1_65' title='bbox 718 999 983 1064; x_wconf 84' lang='lat' dir='ltr'>disturbat</span> <span class='ocrx_word' id='word_1_66' title='bbox 997 1023 1060 1062; x_wconf 85' lang='lat' dir='ltr'>ac</span> <span class='ocrx_word' id='word_1_67' title='bbox 1075 1001 1311 1081; x_wconf 76' lang='lat' dir='ltr'>dissipat.</span> <span class='ocrx_word' id='word_1_68' title='bbox 1351 1019 1562 1064; x_wconf 76' lang='lat' dir='ltr'>contra</span> 
     </span>
     <span class='ocr_line' id='line_1_12' title="bbox 332 1086 1564 1172; baseline 0 -22"><span class='ocrx_word' id='word_1_69' title='bbox 332 1089 429 1150; x_wconf 85' lang='lat' dir='ltr'>ille</span> <span class='ocrx_word' id='word_1_70' title='bbox 444 1109 770 1172; x_wconf 82' lang='lat' dir='ltr'>corporeus,</span> <span class='ocrx_word' id='word_1_71' title='bbox 790 1087 976 1150; x_wconf 72' lang='lat' dir='ltr'>vitalis</span> <span class='ocrx_word' id='word_1_72' title='bbox 991 1103 1050 1148; x_wconf 86' lang='lat' dir='ltr'>et</span> <span class='ocrx_word' id='word_1_73' title='bbox 1063 1086 1337 1165; x_wconf 67' lang='lat' dir='ltr'>salutaris,</span> <span class='ocrx_word' id='word_1_74' title='bbox 1361 1093 1564 1150; x_wconf 73' lang='lat' dir='ltr'>omnia</span> 
     </span>
     <span class='ocr_line' id='line_1_13' title="bbox 332 1172 1564 1256; baseline -0.002 -17"><span class='ocrx_word' id='word_1_75' title='bbox 332 1175 649 1253; x_wconf 83' lang='lat' dir='ltr'>conservat,</span> <span class='ocrx_word' id='word_1_76' title='bbox 670 1177 789 1254; x_wconf 77' lang='lat' dir='ltr'>alit,</span> <span class='ocrx_word' id='word_1_77' title='bbox 811 1190 996 1255; x_wconf 84' lang='lat' dir='ltr'>auget,</span> <span class='ocrx_word' id='word_1_78' title='bbox 1017 1172 1262 1249; x_wconf 87' lang='lat' dir='ltr'>sustinet,</span> <span class='ocrx_word' id='word_1_79' title='bbox 1285 1173 1564 1256; x_wconf 84' lang='lat' dir='ltr'>sensuque</span> 
     </span>
     <span class='ocr_line' id='line_1_14' title="bbox 330 1259 1564 1342; baseline 0.001 -18"><span class='ocrx_word' id='word_1_80' title='bbox 330 1264 524 1342; x_wconf 52' lang='lat' dir='ltr'>aflicit.</span> <span class='ocrx_word' id='word_1_81' title='bbox 572 1277 739 1342; x_wconf 86' lang='lat' dir='ltr'>negat</span> <span class='ocrx_word' id='word_1_82' title='bbox 764 1283 896 1340; x_wconf 86' lang='lat' dir='ltr'>ergo</span> <span class='ocrx_word' id='word_1_83' title='bbox 925 1260 1031 1322; x_wconf 85' lang='lat' dir='ltr'>effe</span> <span class='ocrx_word' id='word_1_84' title='bbox 1061 1259 1312 1338; x_wconf 86' lang='lat' dir='ltr'>dubium,</span> <span class='ocrx_word' id='word_1_85' title='bbox 1347 1265 1564 1324; x_wconf 82' lang='lat' dir='ltr'>horum</span> 
     </span>
     <span class='ocr_line' id='line_1_15' title="bbox 330 1346 1562 1431; baseline 0.001 -20"><span class='ocrx_word' id='word_1_86' title='bbox 330 1352 551 1430; x_wconf 86' lang='lat' dir='ltr'>ignium</span> <span class='ocrx_word' id='word_1_87' title='bbox 566 1347 647 1410; x_wconf 91' lang='lat' dir='ltr'>sol</span> <span class='ocrx_word' id='word_1_88' title='bbox 660 1352 770 1410; x_wconf 86' lang='lat' dir='ltr'>utri</span> <span class='ocrx_word' id='word_1_89' title='bbox 790 1346 977 1410; x_wconf 77' lang='lat' dir='ltr'>fimilis</span> <span class='ocrx_word' id='word_1_90' title='bbox 999 1346 1088 1423; x_wconf 84' lang='lat' dir='ltr'>fit,</span> <span class='ocrx_word' id='word_1_91' title='bbox 1099 1359 1238 1408; x_wconf 80' lang='lat' dir='ltr'>&#39;cum</span> <span class='ocrx_word' id='word_1_92' title='bbox 1253 1349 1304 1407; x_wconf 75' lang='lat' dir='ltr'>is</span> <span class='ocrx_word' id='word_1_93' title='bbox 1319 1368 1562 1431; x_wconf 81' lang='lat' dir='ltr'>quoqne</span> 
     </span>
     <span class='ocr_line' id='line_1_16' title="bbox 330 1432 1560 1517; baseline 0.002 -21"><span class='ocrx_word' id='word_1_94' title='bbox 330 1437 555 1514; x_wconf 84' lang='lat' dir='ltr'>efficiat,</span> <span class='ocrx_word' id='word_1_95' title='bbox 570 1452 631 1497; x_wconf 89' lang='lat' dir='ltr'>ut</span> <span class='ocrx_word' id='word_1_96' title='bbox 646 1437 835 1498; x_wconf 81' lang='lat' dir='ltr'>omnia</span> <span class='ocrx_word' id='word_1_97' title='bbox 851 1435 1171 1511; x_wconf 83' lang='lat' dir='ltr'>floreant,et</span> <span class='ocrx_word' id='word_1_98' title='bbox 1185 1434 1246 1494; x_wconf 85' lang='lat' dir='ltr'>in</span> <span class='ocrx_word' id='word_1_99' title='bbox 1263 1432 1362 1495; x_wconf 88' lang='lat' dir='ltr'>suo</span> <span class='ocrx_word' id='word_1_100' title='bbox 1380 1456 1560 1517; x_wconf 76' lang='lat' dir='ltr'>quae-</span> 
     </span>
     <span class='ocr_line' id='line_1_17' title="bbox 332 1520 1562 1625; baseline 0.001 -43"><span class='ocrx_word' id='word_1_101' title='bbox 332 1536 446 1604; x_wconf 81' lang='lat' dir='ltr'>que</span> <span class='ocrx_word' id='word_1_102' title='bbox 473 1543 671 1602; x_wconf 86' lang='lat' dir='ltr'>genere</span> <span class='ocrx_word' id='word_1_103' title='bbox 701 1520 1020 1604; x_wconf 81' lang='lat' dir='ltr'>pubescant.</span> <span class='ocrx_word' id='word_1_104' title='bbox 1048 1542 1235 1625; x_wconf 37' lang='lat' dir='ltr'>‘quare</span> <span class='ocrx_word' id='word_1_105' title='bbox 1265 1543 1396 1582; x_wconf 84' lang='lat' dir='ltr'>cum</span> <span class='ocrx_word' id='word_1_106' title='bbox 1419 1521 1562 1583; x_wconf 81' lang='lat' dir='ltr'>solis</span> 
     </span>
     <span class='ocr_line' id='line_1_18' title="bbox 335 1607 1566 1690; baseline 0 -18"><span class='ocrx_word' id='word_1_107' title='bbox 335 1612 485 1690; x_wconf 76' lang='lat' dir='ltr'>ignis</span> <span class='ocrx_word' id='word_1_108' title='bbox 506 1609 695 1672; x_wconf 72' lang='lat' dir='ltr'>similis</span> <span class='ocrx_word' id='word_1_109' title='bbox 723 1630 922 1670; x_wconf 85' lang='lat' dir='ltr'>eorum</span> <span class='ocrx_word' id='word_1_110' title='bbox 949 1610 1164 1689; x_wconf 84' lang='lat' dir='ltr'>ignium</span> <span class='ocrx_word' id='word_1_111' title='bbox 1193 1607 1284 1684; x_wconf 83' lang='lat' dir='ltr'>fit,</span> <span class='ocrx_word' id='word_1_112' title='bbox 1307 1610 1412 1688; x_wconf 88' lang='lat' dir='ltr'>qui</span> <span class='ocrx_word' id='word_1_113' title='bbox 1425 1608 1566 1672; x_wconf 80' lang='lat' dir='ltr'>sunt</span> 
     </span>
     <span class='ocr_line' id='line_1_19' title="bbox 332 1693 1564 1778; baseline -0.002 -18"><span class='ocrx_word' id='word_1_114' title='bbox 332 1700 400 1760; x_wconf 85' lang='lat' dir='ltr'>in</span> <span class='ocrx_word' id='word_1_115' title='bbox 422 1699 748 1778; x_wconf 72' lang='lat' dir='ltr'>corporibus</span> <span class='ocrx_word' id='word_1_116' title='bbox 779 1696 1168 1771; x_wconf 75' lang='lat' dir='ltr'>animantium,</span> <span class='ocrx_word' id='word_1_117' title='bbox 1205 1693 1374 1756; x_wconf 86' lang='lat' dir='ltr'>solem</span> <span class='ocrx_word' id='word_1_118' title='bbox 1406 1716 1564 1777; x_wconf 88' lang='lat' dir='ltr'>quo·</span> 
     </span>
     <span class='ocr_line' id='line_1_20' title="bbox 330 1781 1564 1866; baseline 0.002 -22"><span class='ocrx_word' id='word_1_119' title='bbox 330 1805 447 1866; x_wconf 84' lang='lat' dir='ltr'>que</span> <span class='ocrx_word' id='word_1_120' title='bbox 474 1785 813 1844; x_wconf 78' lang='lat' dir='ltr'>animantem</span> <span class='ocrx_word' id='word_1_121' title='bbox 840 1781 946 1843; x_wconf 79' lang='lat' dir='ltr'>effe</span> <span class='ocrx_word' id='word_1_122' title='bbox 973 1795 1220 1863; x_wconf 82' lang='lat' dir='ltr'>oportet,</span> <span class='ocrx_word' id='word_1_123' title='bbox 1238 1797 1296 1842; x_wconf 88' lang='lat' dir='ltr'>et</span> <span class='ocrx_word' id='word_1_124' title='bbox 1325 1783 1564 1862; x_wconf 69' lang='lat' dir='ltr'>quiden</span> 
     </span>
     <span class='ocr_line' id='line_1_21' title="bbox 335 1869 1564 1951; baseline -0.002 -18"><span class='ocrx_word' id='word_1_125' title='bbox 335 1870 547 1951; x_wconf 81' lang='lat' dir='ltr'>reliqua</span> <span class='ocrx_word' id='word_1_126' title='bbox 562 1869 722 1946; x_wconf 82' lang='lat' dir='ltr'>astra,</span> <span class='ocrx_word' id='word_1_127' title='bbox 734 1891 876 1950; x_wconf 83' lang='lat' dir='ltr'>quae</span> <span class='ocrx_word' id='word_1_128' title='bbox 885 1870 1206 1930; x_wconf 82' lang='lat' dir='ltr'>orianturin</span> <span class='ocrx_word' id='word_1_129' title='bbox 1217 1869 1564 1931; x_wconf 69' lang='lat' dir='ltr'>ardel-ecoe-</span> 
     </span>
     <span class='ocr_line' id='line_1_22' title="bbox 332 1955 1558 2038; baseline -0.002 -16"><span class='ocrx_word' id='word_1_130' title='bbox 332 1957 474 2035; x_wconf 85' lang='lat' dir='ltr'>lesti,</span> <span class='ocrx_word' id='word_1_131' title='bbox 497 1959 596 2038; x_wconf 91' lang='lat' dir='ltr'>qui</span> <span class='ocrx_word' id='word_1_132' title='bbox 618 1961 827 2032; x_wconf 88' lang='lat' dir='ltr'>aether,</span> <span class='ocrx_word' id='word_1_133' title='bbox 847 1955 940 2018; x_wconf 86' lang='lat' dir='ltr'>vel</span> <span class='ocrx_word' id='word_1_134' title='bbox 952 1955 1169 2016; x_wconf 87' lang='lat' dir='ltr'>coelum</span> <span class='ocrx_word' id='word_1_135' title='bbox 1197 1956 1558 2020; x_wconf 76' lang='lat' dir='ltr'>nominatur.</span> 
     </span>
     <span class='ocr_line' id='line_1_23' title="bbox 335 2043 1560 2122; baseline -0.001 -16"><span class='ocrx_word' id='word_1_136' title='bbox 335 2065 463 2106; x_wconf 83' lang='lat' dir='ltr'>cum</span> <span class='ocrx_word' id='word_1_137' title='bbox 478 2045 650 2122; x_wconf 87' lang='lat' dir='ltr'>igitur</span> <span class='ocrx_word' id='word_1_138' title='bbox 664 2043 902 2104; x_wconf 85' lang='lat' dir='ltr'>aliorum</span> <span class='ocrx_word' id='word_1_139' title='bbox 918 2043 1286 2106; x_wconf 75' lang='lat' dir='ltr'>animantium</span> <span class='ocrx_word' id='word_1_140' title='bbox 1300 2056 1464 2102; x_wconf 77' lang='lat' dir='ltr'>ortus</span> <span class='ocrx_word' id='word_1_141' title='bbox 1487 2043 1560 2105; x_wconf 81' lang='lat' dir='ltr'>in</span> 
     </span>
     <span class='ocr_line' id='line_1_24' title="bbox 332 2128 1556 2209; baseline -0.001 -17"><span class='ocrx_word' id='word_1_142' title='bbox 332 2147 481 2192; x_wconf 77' lang='lat' dir='ltr'>terra</span> <span class='ocrx_word' id='word_1_143' title='bbox 495 2129 819 2207; x_wconf 85' lang='lat' dir='ltr'>fit,aliorurn</span> <span class='ocrx_word' id='word_1_144' title='bbox 830 2130 892 2196; x_wconf 80' lang='lat' dir='ltr'>in</span> <span class='ocrx_word' id='word_1_145' title='bbox 909 2131 1133 2209; x_wconf 79' lang='lat' dir='ltr'>aqua,in</span> <span class='ocrx_word' id='word_1_146' title='bbox 1149 2131 1274 2188; x_wconf 63' lang='lat' dir='ltr'>aete</span> <span class='ocrx_word' id='word_1_147' title='bbox 1287 2128 1556 2191; x_wconf 70' lang='lat' dir='ltr'>aliorumz</span> 
     </span>
     <span class='ocr_line' id='line_1_25' title="bbox 334 2213 1560 2290; baseline -0.002 -10"><span class='ocrx_word' id='word_1_148' title='bbox 334 2217 626 2280; x_wconf 78' lang='lat' dir='ltr'>absurdum</span> <span class='ocrx_word' id='word_1_149' title='bbox 654 2215 760 2278; x_wconf 82' lang='lat' dir='ltr'>effe</span> <span class='ocrx_word' id='word_1_150' title='bbox 790 2213 1075 2276; x_wconf 80' lang='lat' dir='ltr'>Aristoteli</span> <span class='ocrx_word' id='word_1_151' title='bbox 1102 2214 1344 2290; x_wconf 81' lang='lat' dir='ltr'>videtur,</span> <span class='ocrx_word' id='word_1_152' title='bbox 1384 2217 1454 2274; x_wconf 87' lang='lat' dir='ltr'>in</span> <span class='ocrx_word' id='word_1_153' title='bbox 1485 2236 1560 2278; x_wconf 71' lang='lat' dir='ltr'>ea</span> 
     </span>
     <span class='ocr_line' id='line_1_26' title="bbox 331 2300 1556 2384; baseline -0.001 -23"><span class='ocrx_word' id='word_1_154' title='bbox 331 2318 511 2384; x_wconf 79' lang='lat' dir='ltr'>parte,</span> <span class='ocrx_word' id='word_1_155' title='bbox 536 2323 677 2381; x_wconf 83' lang='lat' dir='ltr'>quae</span> <span class='ocrx_word' id='word_1_156' title='bbox 698 2301 765 2362; x_wconf 69' lang='lat' dir='ltr'>fit</span> <span class='ocrx_word' id='word_1_157' title='bbox 784 2301 860 2362; x_wconf 77' lang='lat' dir='ltr'>ad</span> <span class='ocrx_word' id='word_1_158' title='bbox 878 2301 1156 2380; x_wconf 81' lang='lat' dir='ltr'>gignenda</span> <span class='ocrx_word' id='word_1_159' title='bbox 1175 2300 1438 2361; x_wconf 80' lang='lat' dir='ltr'>animalia</span> <span class='ocrx_word' id='word_1_160' title='bbox 1451 2323 1556 2382; x_wconf 83' lang='lat' dir='ltr'>ap-</span> 
     </span>
     <span class='ocr_line' id='line_1_27' title="bbox 332 2386 1552 2466; baseline 0.003 -20"><span class='ocrx_word' id='word_1_161' title='bbox 332 2386 551 2461; x_wconf 78' lang='lat' dir='ltr'>tissima‚</span> <span class='ocrx_word' id='word_1_162' title='bbox 581 2387 786 2446; x_wconf 85' lang='lat' dir='ltr'>animal</span> <span class='ocrx_word' id='word_1_163' title='bbox 805 2389 962 2463; x_wconf 86' lang='lat' dir='ltr'>gigni</span> <span class='ocrx_word' id='word_1_164' title='bbox 983 2387 1202 2448; x_wconf 79' lang='lat' dir='ltr'>nullum</span> <span class='ocrx_word' id='word_1_165' title='bbox 1214 2401 1430 2466; x_wconf 77' lang='lat' dir='ltr'>putare.</span> <span class='ocrx_word' id='word_1_166' title='bbox 1478 2386 1552 2450; x_wconf 83' lang='lat' dir='ltr'>fi-</span> 
     </span>
     <span class='ocr_line' id='line_1_28' title="bbox 332 2469 1588 2540; baseline 0.002 -7"><span class='ocrx_word' id='word_1_167' title='bbox 332 2469 463 2534; x_wconf 81' lang='lat' dir='ltr'>dera</span> <span class='ocrx_word' id='word_1_168' title='bbox 484 2483 669 2532; x_wconf 82' lang='lat' dir='ltr'>autem</span> <span class='ocrx_word' id='word_1_169' title='bbox 689 2473 1001 2534; x_wconf 82' lang='lat' dir='ltr'>aethereum</span> <span class='ocrx_word' id='word_1_170' title='bbox 1029 2471 1216 2540; x_wconf 82' lang='lat' dir='ltr'>locum</span> <span class='ocrx_word' id='word_1_171' title='bbox 1247 2475 1588 2540; x_wconf 75' lang='lat' dir='ltr'>obtinent-2.-</span> 
     </span>
    </p>
   </div>
  </div>
 </body>
</html>
