1684 3084
324 139 442 202 128
533 139 651 196 DE
683 139 899 198 NAT.
930 137 1320 196 DEORUM

315 256 672 299 communem
703 236 1091 318 rempfiblicam
1130 239 1301 315 a'tque
1338 236 1547 308 urbem

313 323 552 404 aliquam
569 339 838 401 regentes,
888 323 1152 403 sequitur,
1175 337 1240 380 ut
1256 321 1461 382 eadem
1479 321 1548 384 fit

235 463 240 466 .
314 410 378 470 in
394 413 505 486 his,
523 413 735 490 quaein
751 431 959 489 genere
966 413 1211 470 humano
1216 453 1235 484 ,
1259 411 1435 484 ratic,
1451 431 1548 474 a·

317 497 446 573 dem
461 500 664 558 veritas
680 500 979 578 utrobique
995 496 1081 572 fit,
1096 496 1403 574 eademque
1420 497 1540 557 lex:

314 605 460 664 quae
474 582 549 644 est
565 587 694 644 resti
712 585 1321 665 praecept10,pravique
1338 582 1543 664 depul·
1553 579 1566 582 ²

313 669 414 734 fio,
440 691 512 730 ex
526 691 638 750 quo
656 671 1003 750 intelligitur,
1020 669 1374 751 prudentiam
1391 691 1541 750 quo·

311 776 445 836 que,
467 773 525 816 et
539 774 782 818 mentem
807 779 838 816 a
853 758 962 818 diis
978 757 1047 818 ad
1061 757 1319 816 homines
1334 777 1539 835 perve-

309 841 479 904 nissez
505 846 580 904 ob
595 865 824 924 eamque
845 843 1058 904 causam
1081 843 1361 920 majorum
1380 840 1539 903 msti-

311 933 452 992 tutis
469 951 649 1008 menS,
665 931 824 1007 fides,
839 934 1043 1010 virtuS,
1061 929 1391 1006 concordia,
1402 951 1541 994 con-

311 1016 550 1078 secratae
572 1035 627 1078 et
651 1019 865 1099 publice
895 1018 1169 1078 dedicatae
1190 1015 1341 1076 sunt'.
1392 1037 1537 1097 quae

313 1107 412 1184 qui
433 1107 698 1165 convenit
714 1127 882 1186 penes
900 1105 1033 1166 deos
1048 1103 1150 1164 esst,
1166 1125 1393 1185 negare,
1410 1124 1536 1166 eum

313 1210 508 1260 eorum
540 1192 760 1268 augusta
781 1208 838 1251 et
861 1190 1041 1252 saneia
1062 1189 1339 1253 fimulacra
1360 1211 1534 1252 vene·

310 1279 525 1338 remur?
553 1278 707 1358 quod
721 1277 760 1338 fi
782 1279 918 1338 inest
942 1281 1003 1338 in
1024 1279 1310 1340 hominum
1326 1297 1535 1354 genere

309 1384 496 1440 menS,
511 1363 670 1440 fides,
686 1369 863 1426 virtus
868 1363 1210 1441 ,concon-dia:
1231 1363 1381 1424 unde
1394 1367 1530 1430 haec

311 1451 376 1522 in
399 1467 596 1526 term,
621 1451 721 1512 nifi
744 1475 777 1510 a
805 1451 1040 1533 superis,
1062 1451 1294 1510 defluere
1326 1464 1528 1531 potue-

308 1539 479 1598 runt?
505 1560 739 1620 cumque
753 1537 817 1599 fit
833 1541 895 1598 in
920 1542 1083 1600 nobis
1106 1537 1417 1614 confilium,
1440 1559 1526 1607 ta·

309 1625 418 1700 tic,
441 1626 772 1706 prudentia:
799 1625 1003 1686 neceffe
1020 1625 1114 1700 est,
1136 1623 1272 1684 deos
1288 1627 1425 1684 haec
1440 1627 1524 1706 ip-

310 1707 368 1769 fa
383 1715 580 1771 habere
602 1715 834 1791 majora,
860 1735 963 1772 nec
986 1716 1181 1773 habere
1210 1707 1409 1785 solum,
1434 1709 1523 1778 sed

309 1798 478 1856 etiam
489 1799 574 1858 his
589 1801 669 1858 uti
686 1801 746 1858 in
764 1802 1019 1860 maximis
1032 1815 1087 1858 et
1096 1799 1323 1878 optimis
1336 1799 1518 1864 rebuS.

313 1883 456 1946 nihil
489 1901 670 1948 autem
701 1885 773 1945 est
804 1908 907 1946 nec
940 1887 1142 1963 majus,
1190 1906 1293 1944 nec
1323 1884 1519 1946 mellus

308 1971 542 2034 mundo.
599 1971 807 2038 neceffe
844 1972 918 2034 est
956 1994 1088 2050 ergo
1126 1991 1251 2040 eum
1291 1970 1517 2036 deorum

311 2056 545 2118 confilio
557 2074 613 2117 et
629 2061 980 2139 providentia
996 2057 1376 2118 administrari.
1413 2079 1515 2138 po-

307 2141 508 2208 stremo
539 2167 667 2205 cum
696 2145 820 2206 satis
860 2146 1229 2221 docuerimuS,
1274 2146 1381 2204 hos
1415 2143 1513 2218 effie

263 2297 268 2302 ,
307 2229 468 2306 ἀεοε,
500 2251 737 2310 quorum
761 2231 1027 2310 infignem
1050 2233 1167 2292 vim
1190 2246 1245 2290 et
1260 2229 1509 2304 illustrem

305 2315 504 2376 faciem
517 2318 826 2378 videremus
831 2362 851 2392 ,
874 2318 1045 2378 solem
1061 2318 1211 2392 dice,
1222 2332 1289 2384 ,et
1303 2317 1507 2395 lunam,

306 2418 364 2461 et
378 2423 546 2479 vagas
563 2402 736 2462 stellas
740 2447 761 2480 ‚
783 2420 839 2462 et
855 2406 1161 2462 inerrantes
1165 2448 1186 2481 ,
1206 2419 1262 2463 et·
1276 2402 1506 2482 coelum,

307 2500 365 2548 et
383 2487 652 2551 mundum
665 2487 863 2570 ipsum,
886 2503 943 2549 et
964 2510 1151 2554 earum
1174 2510 1359 2552 rerum
1371 2491 1505 2568 vim,
