1684 3084
374 167 463 244 46
679 172 809 229 DE
851 173 1308 234 Lamnus
1616 15 1668 410 a

376 288 538 347 agere
552 267 874 350 posst‚quod
889 291 960 330 ex
975 293 1042 332 eo
1057 271 1172 330 duo
1186 269 1269 330 sui
1285 269 1580 334 emisti-va·

376 372 525 416 tores
550 355 872 418 exstitiffent
887 381 905 417 ε
937 359 1124 436 utjam
1141 357 1336 418 vidoer
1349 359 1551 419 adduci
1562 401 1584 434 ,

312 441 318 447 ’
378 445 523 503 hanc
536 462 779 524 quoque,
793 463 932 524 quae
947 460 1003 503 te
1018 443 1470 524 procreavit,ess'e
1483 467 1586 523 pa-
1667 423 1670 484 V

378 529 541 590 triam
566 545 738 592 tuam.
783 529 874 590 sed
895 546 1125 590 ventum
1147 530 1209 589 in
1231 527 1472 590 insulam
1485 530 1581 591 est.
1669 515 1672 560 ¹

364 618 483 690 ‘hac
500 636 635 676 vero
650 616 788 675 nihil
802 616 878 676 est
892 618 1202 676 amoenius.
1251 618 1466 676 etenim
1479 619 1586 676 hoc
1671 608 1673 654 ¹

381 699 531 779 quafi
545 701 724 762 rostro
732 701 983 762 funditur
997 704 1362 776 Fibrenus‚et
1379 701 1584 764 divisus
1674 700 1675 728 ff

382 787 677 866 aequaliter
687 788 896 848 induas
913 804 1094 868 partes
1103 788 1279 847 latera
1294 791 1433 849 haec
1449 789 1587 848 allu-
1676 792 1677 820 ³

367 874 446 950 it,
474 874 769 954 rapideque
788 874 1025 954 dilapsus
1049 877 1162 934 cito
1176 875 1236 934 in
1253 895 1436 934 unum
1449 897 1588 936 con·
1678 884 1679 905 ¹

382 958 529 1036 fluit,
550 977 609 1021 et
622 977 841 1022 tantum
857 962 1260 1043 complefititur,
1285 962 1446 1042 quod
1461 961 1588 1022 satis
1680 974 1681 991 ¹

383 1045 449 1108 fit
470 1047 717 1108 modicae
738 1047 1024 1128 palaestrae
1043 1048 1174 1108 loci.
1223 1067 1342 1126 quo
1369 1047 1588 1123 effeeto,
1682 1066 1683 1087 ¹

383 1147 647 1213 tanquam
654 1133 713 1194 id
720 1137 966 1194 habuerit
977 1135 1162 1213 operis
1173 1155 1236 1191 ac
1251 1136 1593 1209 muneris,ut

383 1222 527 1280 hanc
556 1223 718 1280 nobis
749 1220 985 1282 efficeret
1006 1219 1185 1280 sedem
1207 1219 1279 1278 ad
1303 1218 1590 1298 disputan-

384 1304 716 1382 dum,statim
732 1309 1053 1386 praecipitat
1065 1308 1126 1366 in
1145 1306 1354 1381 Lirem,
1370 1322 1590 1386 et,qua·

386 1391 501 1452 fiin
524 1393 781 1454 familiam
810 1395 1096 1473 patriciam
1115 1393 1355 1467 venerit,
1381 1392 1591 1452 amittit

386 1498 593 1539 nomen
608 1478 914 1555 obscurius,
945 1480 1236 1557 Liremque
1256 1477 1442 1538 multo
1457 1477 1591 1555 geli·

386 1563 599 1642 diorem
616 1563 767 1626 facit.
816 1586 921 1626 nec
943 1568 1092 1624 enim
1113 1563 1286 1624 ullum
1303 1567 1416 1623 hoc
1433 1563 1590 1641 frigi·

386 1649 509 1710 dius
524 1652 730 1711 flumen
748 1653 929 1730 attigi,
945 1673 1070 1713 cum
1086 1651 1156 1710 ad
1170 1649 1344 1708 multa
1361 1647 1590 1710 accefl'e-

386 1738 515 1812 rim,
538 1753 601 1795 ut
614 1741 713 1796 vix
730 1738 867 1817 pede
881 1753 1096 1797 tentare
1116 1736 1173 1795 id
1187 1737 1376 1814 poffim
1391 1758 1414 1794 =
1435 1733 1590 1814 quod

386 1822 448 1882 in
462 1822 704 1883 Phaedro
718 1823 963 1884 Platonis
979 1821 1112 1882 facit
1119 1830 1366 1902 Socrates
1375 1828 1504 1882 ,ΜΔ
1515 1841 1589 1885 R·

390 1928 541 1985 pus.
566 1907 640 1970 est
658 1911 921 1969 veroitaa
940 1908 1032 1968 sed
1054 1925 1236 1968 tamen
1258 1908 1590 1968 huicamoe·

386 1996 574 2070 nitati,
606 1994 1067 2075 quemadmodum
1089 2015 1163 2053 ex
1187 1993 1402 2069 Quinto
1431 1991 1590 2072 saepe

386 2080 575 2160 audio,
600 2083 872 2160 Thyamis
895 2082 1152 2161 Epirotes
1175 2095 1302 2138 tuus
1317 2078 1414 2138 ille
1427 2077 1591 2154 nihil,

387 2169 614 2250 opinor,
636 2165 978 2228 concesserit.
1023 2177 1123 2244 Qu
1137 2187 1156 2226 1
1173 2186 1212 2225 N
1225 2186 1261 2224 τ
1277 2187 1315 2226 u
1330 2187 1356 2225 s
1367 2207 1385 2225 .
1401 2163 1478 2224 est
1491 2167 1588 2240 ita,

388 2272 452 2316 ut
466 2255 627 2316 dicis:
645 2274 777 2314 cave
791 2255 941 2312 enim
956 2269 1114 2333 putes
1132 2254 1307 2312 Attici
1323 2250 1498 2311 nostri
1511 2257 1590 2310 A·

386 2341 625 2400 maltheo
654 2337 995 2419 platanisque
1024 2339 1136 2398 illis
1157 2338 1462 2417 quidquam
1491 2335 1592 2396 effe

384 2425 733 2506 praeclarius.
784 2423 896 2500 fied,
921 2423 960 2482 fi
978 2425 1219 2499 videtur,
1243 2423 1588 2484 confidamus

383 2513 474 2572 hic
504 2511 569 2574 in·
588 2509 803 2584 umbra,
832 2525 1000 2591 atque
1021 2510 1094 2571 ad
1112 2530 1234 2571 eam
1253 2524 1476 2592 partem
1483 2503 1594 2570 set*-
