1684 3084
369 183 636 241 LIBER
677 183 1160 241 SECUNDUS.
1256 199 1371 257 157

149 285 306 347 aliae
323 281 473 364 quafi
493 299 608 342 rete
621 297 844 358 texunt,
860 297 925 343 ut
940 281 979 342 fi
992 283 1126 363 quid
1140 287 1380 349 inhaese.

153 373 267 446 rit,
290 369 626 431 conficiant=
657 370 794 429 aliae
824 385 1007 429 autem
1028 386 1091 429 ut
1112 375 1380 458 exinopi-

155 473 312 520 nato
327 455 644 530 observant,
665 472 723 516 et
737 455 775 516 fi
791 457 928 534 quid
943 456 1158 534 incidit,
1190 463 1383 542 arripi&-

129 560 302 628 ‚unt,
328 544 496 623 idque
523 542 877 603 consumunt.
926 545 1101 623 pinna
1127 567 1265 606 vero
1288 545 1388 618 (fic

133 679 140 686 .
163 634 328 692 enim
353 638 560 690 Graece
587 630 816 708 dicitur)
847 627 1055 690 duabus
1084 634 1387 710 grandibus

167 715 368 801 patula
388 718 638 792 conchis,
662 737 788 776 cum
817 738 987 797 parva
1009 716 1204 797 squilla
1235 719 1385 801 quafi

166 805 498 866 societatem
513 805 628 864 coit
649 804 1005 882 comparandi
1018 805 1149 866 cibi.
1198 807 1385 888 itaque

171 913 310 954 cum
337 889 577 971 pisciculi
602 892 834 970 parvi'in
858 893 1127 950 concham
1142 894 1389 955 hiantem

171 979 703 1051 innataverint,tum
719 976 1003 1036 admonita
1019 997 1051 1034 a
1065 975 1254 1056 squilla
1268 982 1391 1060 pin—

176 1087 260 1128 na
273 1060 460 1125 morsu
469 1064 781 1144 comprimit
795 1063 1131 1124 conchas.fic
1148 1065 1390 1126 dissimil·

177 1152 336 1214 limis
349 1148 589 1210 bestiolis
617 1151 986 1210 communiter
1004 1151 1160 1211 cibus
1176 1155 1393 1233 quaeri·

179 1253 303 1300 tur.
348 1239 410 1296 in
425 1257 542 1317 quo
556 1235 938 1297 admirandum
961 1235 1056 1312 cst,
1081 1239 1394 1318 congressu-

183 1346 266 1387 ne
295 1323 484 1403 aliquo
515 1326 662 1382 inter
689 1320 763 1398 se,
793 1345 865 1382 an
884 1325 1001 1401 jam
1025 1324 1154 1383 inde
1174 1328 1242 1384 ab
1265 1342 1397 1388 ortu

185 1427 423 1474 naturae
435 1408 586 1490 ipfite
595 1425 957 1489 congregatae
970 1407 1099 1471 firm
1142 1410 1215 1471 est
1230 1415 1397 1473 etiam

192 1497 778 1560 admiratio-nonnulla
792 1499 853 1556 in
868 1495 1049 1556 bestiis
1066 1499 1398 1578 aquatilibus

193 1588 288 1664 iis,
313 1605 455 1666 quae
477 1586 783 1663 gignuntur
803 1585 864 1642 in
888 1597 1033 1642 terra
1046 1584 1265 1645 avelini
1274 1606 1401 1647 cro·

195 1672 387 1748 codili,
425 1667 822 1749 fluviatilesque
858 1667 1156 1730 testudines
1166 1713 1187 1746 ,
1232 1691 1396 1752 quae-

197 1760 436 1839 damque
448 1756 728 1838 serpentes
743 1771 901 1816 ortae
912 1770 1073 1817 extra
1088 1777 1310 1838 aquam,
1334 1757 1402 1823 fi-

197 1845 315 1910 mul
336 1867 398 1906 ac
419 1847 659 1926 primum
682 1844 786 1903 niti
801 1841 1046 1925 poffunt,
1072 1865 1269 1924 aquam
1283 1867 1409 1928 per-

197 1932 524 2014 sequuntur.
557 1931 696 2011 quin
709 1931 875 1990 etiam
890 1945 1115 1990 anatum
1130 1951 1239 1992 ova
1252 1931 1412 2010 galli-

201 2024 293 2102 nis
310 2018 464 2099 saepe
477 2016 836 2099 supponimus
855 2040 873 2090 3
900 2037 933 2076 e
946 2019 1147 2096 quibus
1165 2019 1299 2098 pulli
1315 2039 1410 2079 or·

201 2111 250 2168 ti
265 2108 499 2189 primum
523 2104 744 2163 aluntur
773 2106 841 2163 ab
865 2105 957 2177 iis,
986 2119 1050 2162 ut
1072 2125 1103 2162 a
1119 2106 1413 2182 matribus,

205 2217 240 2256 a
254 2195 454 2273 quibus
477 2189 908 2270 exclufifotique
924 2188 1050 2248 sunt
1064 2211 1081 2248 ε
1106 2189 1303 2250 deinde
1318 2213 1411 2252 eas

161 2343 168 2350 ,
206 2281 553 2359 relinquunt,
577 2292 633 2336 et
654 2274 931 2354 effugiunt
952 2273 1262 2356 sequentes,
1285 2299 1412 2338 cum

204 2369 444 2449 primum
461 2361 831 2444 aquam,quafi
845 2359 1149 2422 naturalem
1165 2362 1415 2440 domum,

203 2453 392 2515 videre
415 2464 737 2532 potuerunt.
786 2463 997 2508 tantam
1024 2451 1415 2526 ingenuitani·

205 2541 502 2604 mantibus.
519 2535 885 2602 conservandi
912 2533 996 2597 sui
1018 2549 1215 2598 natura
1236 2534 1413 2595 custo·
