1684 3084
38 121 157 180 132
246 106 363 164 DE
394 105 607 165 NAT.
641 109 1020 167 DEORUM

26 222 158 265 ente
194 223 390 267 natura
418 222 659 284 regatur,
696 223 792 266 aut
820 205 1098 272 mundum
1127 208 1240 284 regi

25 293 409 354 confitendum
424 293 518 353 est.
544 295 749 352 etenim
766 295 864 372 qui
881 293 1126 374 reliquas
1141 314 1232 355 na·

30 395 184 440 turas
200 403 415 456 omnes,
437 401 733 459 earumque
755 378 966 440 semitm
986 381 1232 440 contine-

30 471 211 548 at,qui
227 467 400 549 potest
414 464 524 547 ipse
538 488 657 526 non
680 482 884 526 natura
897 463 1229 534 administra·

33 554 111 614 ri?
138 570 221 629 ut,
244 554 282 614 fi
299 557 394 634 qui
416 555 615 612 dentes,
632 569 690 612 et
711 555 1062 631 pubertatem
1079 570 1233 629 nata-

32 661 95 700 ra
106 641 249 702 dicat
264 640 529 700 exsistere:
546 638 721 720 ipsum
736 655 918 700 autem
932 642 1240 716 hominem,

32 730 121 787 cui
157 749 221 786 ea
248 728 524 802 exsffiant‚
570 748 691 787 non
720 724 970 787 constare
1009 743 1236 786 naturaz

32 834 155 872 non
168 814 435 892 intelligat
458 835 519 874 ea
544 835 681 892 quae
699 813 935 872 efferant
950 812 1248 893 aliquidex

34 898 138 960 sese
168 900 513 981 perfeetiores
550 903 746 960 habere
778 913 1036 975 naturaS,
1077 920 1254 980 quam

36 1009 124 1063 ea,
148 1009 287 1068 quae
318 1010 390 1046 ex
417 989 485 1047 iis
510 985 829 1047 efferantur.
969 988 1251 1050 Omnium
1263 1001 1318 1047 34

4 1128 6 1131 ,
37 1091 219 1135 autem
252 1096 431 1134 rerum
456 1089 825 1154 quaenamra
855 1071 1262 1134 administran-

4 1214 6 1217 ,
36 1178 150 1236 tur,
172 1159 465 1220 seminator
488 1177 543 1220 et
566 1159 735 1235 sator,
759 1175 817 1220 et
832 1179 1060 1240 patena-z,
1083 1177 1158 1220 ut
1178 1162 1266 1232 ita

36 1248 239 1324 dicam,
260 1264 424 1328 atque
446 1247 712 1308 educator
740 1262 795 1306 et
820 1245 964 1306 altor
987 1244 1064 1306 est
1079 1267 1268 1308 mun-

36 1336 175 1394 dus:
201 1338 523 1416 omniaque,
553 1334 687 1394 ficut
720 1336 960 1394 membra
981 1349 1040 1416 et
1060 1350 1276 1412 partes

4 1470 6 1473 >
28 1419 67 1482 s
60 1443 155 1481 uas
160 1423 487 1499 ,nutricatur
500 1437 555 1481 et
570 1422 841 1482 continet.
862 1420 1016 1501 quod
1031 1418 1071 1486 fi
1085 1441 1278 1483 mun·

36 1507 94 1567 di
108 1523 291 1588 partes
321 1523 517 1568 natura
540 1507 1009 1582 administrantur,
1033 1507 1272 1574 necesse

36 1593 110 1654 est
132 1595 399 1654 mundum
431 1595 602 1676 ipsum
626 1611 823 1654 natura
853 1591 1230 1659 administtari
1249 1617 1272 1656 ε

36 1682 195 1758 cujus
226 1682 450 1760 quidem
480 1679 878 1743 administratio
911 1680 1052 1740 nihil
1077 1681 1274 1745 habet

35 1769 96 1826 in
114 1764 187 1842 se,
206 1767 359 1845 quod
374 1769 700 1850 reprehendi
714 1768 892 1850 possit.
925 1787 996 1828 ex
1011 1769 1078 1828 iis
1095 1771 1276 1829 enim

35 1856 274 1930 naturis,
312 1875 451 1934 quae
482 1872 662 1931 erant,
694 1853 848 1934 quod
877 1854 1022 1914 effici
1058 1857 1270 1933 potuit

34 1942 331 2021 opfimnm,
356 1941 607 2002 effe&um
630 1941 725 2002 est.
772 1943 969 2002 doceat
983 1961 1120 2018 ergo
1147 1942 1266 2002 ali-

34 2031 159 2106 quis
177 2027 407 2108 potuiffie
430 2029 646 2088 melius,
695 2027 781 2088 sed
806 2048 974 2087 nemo
997 2047 1262 2106 unquam

34 2115 283 2174 docebit:
318 2131 395 2192 et,
423 2113 465 2174 ‚fi
480 2117 603 2194 quis
620 2116 896 2192 corrigere
911 2115 1121 2192 aliquid
1141 2137 1258 2174 vo-

32 2197 131 2274 let,
154 2217 247 2260 aut
262 2201 505 2260 deterius
523 2201 711 2275 faciet,
735 2217 829 2259 aut
843 2201 924 2274 id,
949 2199 1104 2279 quod
1119 2200 1254 2261 fieri

33 2306 155 2344 non
180 2287 382 2364 potuit,
414 2286 752 2346 defiderabit.
801 2287 954 2366 quod
977 2285 1016 2344 fi
1039 2307 1253 2350 omnes

29 2370 220 2426 mundi
236 2383 419 2446 partes
442 2373 519 2429 ita
538 2371 862 2430 constitutae
885 2369 1030 2448 sunt,
1058 2389 1120 2431 ut
1137 2395 1256 2434 ne·

30 2471 137 2528 que
150 2453 218 2514 ad
234 2451 386 2542 usqm
406 2457 661 2518 meliores
676 2459 965 2538 potuerint
981 2457 1107 2538 effe,
1135 2480 1258 2522 ne-
1681 2483 1684 2519 π
