<?xml version="1.0" encoding="UTF-8"?>
<!DOCTYPE html PUBLIC "-//W3C//DTD XHTML 1.0 Transitional//EN"
    "http://www.w3.org/TR/xhtml1/DTD/xhtml1-transitional.dtd">
<html xmlns="http://www.w3.org/1999/xhtml" xml:lang="en" lang="en">
 <head>
  <title>
</title>
<meta http-equiv="Content-Type" content="text/html;charset=utf-8" />
  <meta name='ocr-system' content='tesseract 3.04.00' />
  <meta name='ocr-capabilities' content='ocr_page ocr_carea ocr_par ocr_line ocrx_word'/>
</head>
<body>
  <div class='ocr_page' id='page_1' title='image "./mtulliiciceroni08unkngoog/mtulliiciceroni08unkngoog_0305.png"; bbox 0 0 1684 3084; ppageno 0'>
   <div class='ocr_carea' id='block_1_1' title="bbox 294 154 1339 238">
    <p class='ocr_par' dir='ltr' id='par_1_1' title="bbox 294 154 1339 238">
     <span class='ocr_line' id='line_1_1' title="bbox 294 154 1339 238; baseline 0.001 -25"><span class='ocrx_word' id='word_1_1' title='bbox 294 154 584 214; x_wconf 76' lang='lat' dir='ltr'><strong>LIBER</strong></span> <span class='ocrx_word' id='word_1_2' title='bbox 627 154 1145 214; x_wconf 75' lang='lat' dir='ltr'>SECUNDUS.</span> <span class='ocrx_word' id='word_1_3' title='bbox 1258 175 1339 238; x_wconf 77' lang='lat'>43</span> 
     </span>
    </p>
   </div>
   <div class='ocr_carea' id='block_1_2' title="bbox 127 255 1350 681">
    <p class='ocr_par' dir='ltr' id='par_1_2' title="bbox 127 255 1350 681">
     <span class='ocr_line' id='line_1_2' title="bbox 147 255 1349 337; baseline 0 -18"><span class='ocrx_word' id='word_1_4' title='bbox 147 274 372 333; x_wconf 83' lang='lat' dir='ltr'><strong>runtur,</strong></span> <span class='ocrx_word' id='word_1_5' title='bbox 391 272 588 317; x_wconf 86' lang='lat' dir='ltr'><strong>natura</strong></span> <span class='ocrx_word' id='word_1_6' title='bbox 606 255 946 317; x_wconf 78' lang='lat' dir='ltr'><strong>dominatur.</strong></span> <span class='ocrx_word' id='word_1_7' title='bbox 990 276 1163 337; x_wconf 83' lang='lat' dir='ltr'><strong>quare</strong></span> <span class='ocrx_word' id='word_1_8' title='bbox 1186 274 1349 320; x_wconf 79' lang='lat' dir='ltr'><strong>antea</strong></span> 
     </span>
     <span class='ocr_line' id='line_1_3' title="bbox 127 342 1350 419; baseline 0.007 -20"><span class='ocrx_word' id='word_1_9' title='bbox 127 392 134 399; x_wconf 85' lang='lat'><strong><em>.</em></strong></span> <span class='ocrx_word' id='word_1_10' title='bbox 149 347 406 419; x_wconf 83' lang='lat' dir='ltr'>mirabar,</span> <span class='ocrx_word' id='word_1_11' title='bbox 421 342 592 415; x_wconf 82' lang='lat' dir='ltr'><strong>(nihil</strong></span> <span class='ocrx_word' id='word_1_12' title='bbox 607 345 756 403; x_wconf 81' lang='lat' dir='ltr'>enim</span> <span class='ocrx_word' id='word_1_13' title='bbox 769 345 860 403; x_wconf 73' lang='lat' dir='ltr'>his</span> <span class='ocrx_word' id='word_1_14' title='bbox 871 346 932 403; x_wconf 82' lang='lat' dir='ltr'>in</span> <span class='ocrx_word' id='word_1_15' title='bbox 946 342 1089 405; x_wconf 79' lang='lat' dir='ltr'>locis</span> <span class='ocrx_word' id='word_1_16' title='bbox 1106 343 1207 405; x_wconf 76' lang='lat' dir='ltr'>nifi</span> <span class='ocrx_word' id='word_1_17' title='bbox 1221 342 1350 407; x_wconf 78' lang='lat' dir='ltr'>saxa</span> 
     </span>
     <span class='ocr_line' id='line_1_4' title="bbox 147 428 1349 511; baseline 0 -18"><span class='ocrx_word' id='word_1_18' title='bbox 147 446 208 493; x_wconf 82' lang='lat' dir='ltr'>et</span> <span class='ocrx_word' id='word_1_19' title='bbox 223 446 443 493; x_wconf 76' lang='lat' dir='ltr'><strong>montes</strong></span> <span class='ocrx_word' id='word_1_20' title='bbox 463 432 801 509; x_wconf 68' lang='lat' dir='ltr'><strong>cogitabunt</strong></span> <span class='ocrx_word' id='word_1_21' title='bbox 825 431 995 511; x_wconf 83' lang='lat' dir='ltr'>idque</span> <span class='ocrx_word' id='word_1_22' title='bbox 1014 446 1079 489; x_wconf 87' lang='lat' dir='ltr'>ut</span> <span class='ocrx_word' id='word_1_23' title='bbox 1097 428 1349 511; x_wconf 72' lang='lat' dir='ltr'>facerem,</span> 
     </span>
     <span class='ocr_line' id='line_1_5' title="bbox 149 516 1347 594; baseline -0.002 -13"><span class='ocrx_word' id='word_1_24' title='bbox 149 534 209 581; x_wconf 81' lang='lat' dir='ltr'>et</span> <span class='ocrx_word' id='word_1_25' title='bbox 239 518 590 577; x_wconf 82' lang='lat' dir='ltr'><strong>orationibus</strong></span> <span class='ocrx_word' id='word_1_26' title='bbox 625 516 923 577; x_wconf 79' lang='lat' dir='ltr'>inducebar</span> <span class='ocrx_word' id='word_1_27' title='bbox 944 516 1080 594; x_wconf 72' lang='lat' dir='ltr'>tuiz,</span> <span class='ocrx_word' id='word_1_28' title='bbox 1099 533 1155 577; x_wconf 87' lang='lat' dir='ltr'>et</span> <span class='ocrx_word' id='word_1_29' title='bbox 1182 518 1347 579; x_wconf 69' lang='lat' dir='ltr'>vedi-</span> 
     </span>
     <span class='ocr_line' id='line_1_6' title="bbox 130 602 1348 681; baseline 0.007 -23"><span class='ocrx_word' id='word_1_30' title='bbox 130 606 286 681; x_wconf 63' lang='lat' dir='ltr'>⁶bna)</span> <span class='ocrx_word' id='word_1_31' title='bbox 308 602 400 663; x_wconf 87' lang='lat' dir='ltr'>sed</span> <span class='ocrx_word' id='word_1_32' title='bbox 428 606 686 679; x_wconf 79' lang='lat' dir='ltr'>mirabar,</span> <span class='ocrx_word' id='word_1_33' title='bbox 707 620 771 664; x_wconf 86' lang='lat' dir='ltr'>ut</span> <span class='ocrx_word' id='word_1_34' title='bbox 792 602 937 680; x_wconf 80' lang='lat' dir='ltr'><strong>dixi,</strong></span> <span class='ocrx_word' id='word_1_35' title='bbox 958 618 1015 663; x_wconf 83' lang='lat' dir='ltr'>te</span> <span class='ocrx_word' id='word_1_36' title='bbox 1042 620 1157 664; x_wconf 76' lang='lat' dir='ltr'>tam</span> <span class='ocrx_word' id='word_1_37' title='bbox 1185 604 1348 666; x_wconf 77' lang='lat' dir='ltr'>valde</span> 
     </span>
    </p>
   </div>
   <div class='ocr_carea' id='block_1_3' title="bbox 39 689 1349 771">
    <p class='ocr_par' dir='ltr' id='par_1_3' title="bbox 39 689 1349 771">
     <span class='ocr_line' id='line_1_7' title="bbox 39 689 1349 771; baseline -0.002 -18"><span class='ocrx_word' id='word_1_38' title='bbox 39 736 46 742; x_wconf 84' lang='lat'><em>-</em></span> <span class='ocrx_word' id='word_1_39' title='bbox 149 690 411 753; x_wconf 87' lang='lat' dir='ltr'>hocloco</span> <span class='ocrx_word' id='word_1_40' title='bbox 438 689 712 755; x_wconf 64' lang='lat' dir='ltr'>delectari.</span> <span class='ocrx_word' id='word_1_41' title='bbox 759 712 912 751; x_wconf 85' lang='lat' dir='ltr'><strong>nunc</strong></span> <span class='ocrx_word' id='word_1_42' title='bbox 933 704 1131 753; x_wconf 84' lang='lat' dir='ltr'><strong>contra</strong></span> <span class='ocrx_word' id='word_1_43' title='bbox 1150 694 1349 771; x_wconf 85' lang='lat' dir='ltr'><strong>miror,</strong></span> 
     </span>
    </p>
   </div>
   <div class='ocr_carea' id='block_1_4' title="bbox 113 773 1351 2494">
    <p class='ocr_par' dir='ltr' id='par_1_4' title="bbox 113 773 1348 1290">
     <span class='ocr_line' id='line_1_8' title="bbox 113 773 1344 858; baseline 0.003 -21"><span class='ocrx_word' id='word_1_44' title='bbox 113 818 120 823; x_wconf 94' lang='lat'><em>-</em></span> <span class='ocrx_word' id='word_1_45' title='bbox 149 792 230 853; x_wconf 79' lang='lat' dir='ltr'>te,</span> <span class='ocrx_word' id='word_1_46' title='bbox 253 798 376 839; x_wconf 87' lang='lat' dir='ltr'>cum</span> <span class='ocrx_word' id='word_1_47' title='bbox 393 782 570 837; x_wconf 84' lang='lat' dir='ltr'><strong>Roma</strong></span> <span class='ocrx_word' id='word_1_48' title='bbox 585 776 744 853; x_wconf 80' lang='lat' dir='ltr'>abfis,</span> <span class='ocrx_word' id='word_1_49' title='bbox 772 773 999 858; x_wconf 80' lang='lat' dir='ltr'>usquam</span> <span class='ocrx_word' id='word_1_50' title='bbox 1017 779 1203 858; x_wconf 75' lang='lat' dir='ltr'>potius</span> <span class='ocrx_word' id='word_1_51' title='bbox 1218 777 1344 841; x_wconf 78' lang='lat' dir='ltr'>effe.</span> 
     </span>
     <span class='ocr_line' id='line_1_9' title="bbox 147 864 1348 944; baseline 0.002 -19"><span class='ocrx_word' id='word_1_52' title='bbox 147 870 255 925; x_wconf 66' lang='lat' dir='ltr'>MA</span> <span class='ocrx_word' id='word_1_53' title='bbox 267 884 303 923; x_wconf 78' lang='lat' dir='ltr'>R</span> <span class='ocrx_word' id='word_1_54' title='bbox 316 883 350 923; x_wconf 88' lang='lat' dir='ltr'>c</span> <span class='ocrx_word' id='word_1_55' title='bbox 363 881 458 924; x_wconf 79' lang='lat' dir='ltr'>us·</span> <span class='ocrx_word' id='word_1_56' title='bbox 479 885 585 942; x_wconf 86' lang='lat' dir='ltr'>ego</span> <span class='ocrx_word' id='word_1_57' title='bbox 601 885 758 939; x_wconf 84' lang='lat' dir='ltr'>vero,</span> <span class='ocrx_word' id='word_1_58' title='bbox 781 885 907 924; x_wconf 84' lang='lat' dir='ltr'>cum</span> <span class='ocrx_word' id='word_1_59' title='bbox 920 864 1051 927; x_wconf 86' lang='lat' dir='ltr'>licet</span> <span class='ocrx_word' id='word_1_60' title='bbox 1064 864 1245 944; x_wconf 80' lang='lat' dir='ltr'><strong>plures</strong></span> <span class='ocrx_word' id='word_1_61' title='bbox 1261 864 1348 927; x_wconf 88' lang='lat' dir='ltr'>di·</span> 
     </span>
     <span class='ocr_line' id='line_1_10' title="bbox 146 948 1345 1031; baseline 0.003 -22"><span class='ocrx_word' id='word_1_62' title='bbox 146 970 208 1015; x_wconf 81' lang='lat' dir='ltr'>es</span> <span class='ocrx_word' id='word_1_63' title='bbox 239 948 433 1025; x_wconf 80' lang='lat' dir='ltr'>abeffe,</span> <span class='ocrx_word' id='word_1_64' title='bbox 453 949 763 1030; x_wconf 70' lang='lat' dir='ltr'>praestrtim</span> <span class='ocrx_word' id='word_1_65' title='bbox 785 952 893 1009; x_wconf 85' lang='lat' dir='ltr'>hoc</span> <span class='ocrx_word' id='word_1_66' title='bbox 918 966 1167 1031; x_wconf 82' lang='lat' dir='ltr'>tempore</span> <span class='ocrx_word' id='word_1_67' title='bbox 1188 951 1345 1029; x_wconf 80' lang='lat' dir='ltr'><strong>anni,</strong></span> 
     </span>
     <span class='ocr_line' id='line_1_11' title="bbox 145 1033 1348 1099; baseline 0.002 -3"><span class='ocrx_word' id='word_1_68' title='bbox 145 1053 206 1097; x_wconf 88' lang='lat' dir='ltr'>et</span> <span class='ocrx_word' id='word_1_69' title='bbox 220 1037 608 1097; x_wconf 77' lang='lat' dir='ltr'><strong>amoenitatem</strong></span> <span class='ocrx_word' id='word_1_70' title='bbox 635 1040 780 1097; x_wconf 85' lang='lat' dir='ltr'><strong>hanc</strong></span> <span class='ocrx_word' id='word_1_71' title='bbox 798 1051 858 1095; x_wconf 86' lang='lat' dir='ltr'>et</span> <span class='ocrx_word' id='word_1_72' title='bbox 877 1033 1245 1097; x_wconf 80' lang='lat' dir='ltr'>salubritatem</span> <span class='ocrx_word' id='word_1_73' title='bbox 1267 1036 1348 1099; x_wconf 85' lang='lat' dir='ltr'>se-</span> 
     </span>
     <span class='ocr_line' id='line_1_12' title="bbox 131 1118 1346 1203; baseline 0.007 -26"><span class='ocrx_word' id='word_1_74' title='bbox 131 1144 330 1203; x_wconf 83' lang='lat' dir='ltr'>.qu0r;</span> <span class='ocrx_word' id='word_1_75' title='bbox 354 1142 480 1183; x_wconf 79' lang='lat' dir='ltr'><strong>raro</strong></span> <span class='ocrx_word' id='word_1_76' title='bbox 495 1138 678 1185; x_wconf 85' lang='lat' dir='ltr'><strong>autem</strong></span> <span class='ocrx_word' id='word_1_77' title='bbox 691 1122 844 1184; x_wconf 85' lang='lat' dir='ltr'><strong>licet.</strong></span> <span class='ocrx_word' id='word_1_78' title='bbox 876 1120 967 1185; x_wconf 84' lang='lat' dir='ltr'>sed</span> <span class='ocrx_word' id='word_1_79' title='bbox 982 1120 1242 1184; x_wconf 77' lang='lat' dir='ltr'><strong>&#39;nimirum</strong></span> <span class='ocrx_word' id='word_1_80' title='bbox 1256 1118 1346 1185; x_wconf 75' lang='lat' dir='ltr'>me</span> 
     </span>
     <span class='ocr_line' id='line_1_13' title="bbox 131 1208 1346 1290; baseline 0.002 -21"><span class='ocrx_word' id='word_1_81' title='bbox 131 1210 256 1269; x_wconf 60' lang='lat' dir='ltr'>alia</span> <span class='ocrx_word' id='word_1_82' title='bbox 283 1229 506 1289; x_wconf 87' lang='lat' dir='ltr'><strong>quoque</strong></span> <span class='ocrx_word' id='word_1_83' title='bbox 526 1208 680 1271; x_wconf 80' lang='lat' dir='ltr'>causa</span> <span class='ocrx_word' id='word_1_84' title='bbox 701 1208 953 1286; x_wconf 57' lang='lat' dir='ltr'>deleaat,</span> <span class='ocrx_word' id='word_1_85' title='bbox 974 1230 1117 1290; x_wconf 85' lang='lat' dir='ltr'><strong>quae</strong></span> <span class='ocrx_word' id='word_1_86' title='bbox 1147 1226 1203 1271; x_wconf 87' lang='lat' dir='ltr'>te</span> <span class='ocrx_word' id='word_1_87' title='bbox 1224 1232 1346 1271; x_wconf 80' lang='lat' dir='ltr'>non</span> 
     </span>
    </p>

    <p class='ocr_par' dir='ltr' id='par_1_5' title="bbox 129 1295 1348 1375">
     <span class='ocr_line' id='line_1_14' title="bbox 129 1295 1348 1375; baseline 0.007 -26"><span class='ocrx_word' id='word_1_88' title='bbox 129 1297 489 1375; x_wconf 81' lang='lat' dir='ltr'><strong>.attingitita.</strong></span> <span class='ocrx_word' id='word_1_89' title='bbox 521 1302 700 1356; x_wconf 85' lang='grc' dir='ltr'><strong>Αττι</strong></span> <span class='ocrx_word' id='word_1_90' title='bbox 715 1316 799 1356; x_wconf 80' lang='lat' dir='ltr'>cu</span> <span class='ocrx_word' id='word_1_91' title='bbox 814 1316 865 1357; x_wconf 88' lang='lat' dir='ltr'>s.</span> <span class='ocrx_word' id='word_1_92' title='bbox 884 1317 1025 1375; x_wconf 85' lang='lat' dir='ltr'><strong>quae</strong></span> <span class='ocrx_word' id='word_1_93' title='bbox 1040 1296 1261 1357; x_wconf 82' lang='lat' dir='ltr'><strong>tandem</strong></span> <span class='ocrx_word' id='word_1_94' title='bbox 1275 1295 1348 1357; x_wconf 79' lang='lat' dir='ltr'>is·</span> 
     </span>
    </p>

    <p class='ocr_par' dir='ltr' id='par_1_6' title="bbox 126 1379 1347 1547">
     <span class='ocr_line' id='line_1_15' title="bbox 126 1379 1345 1461; baseline 0 -20"><span class='ocrx_word' id='word_1_95' title='bbox 126 1380 378 1450; x_wconf 75' lang='lat' dir='ltr'>‚tacausa</span> <span class='ocrx_word' id='word_1_96' title='bbox 391 1379 496 1441; x_wconf 82' lang='lat' dir='ltr'>est?</span> <span class='ocrx_word' id='word_1_97' title='bbox 521 1388 773 1442; x_wconf 74' lang='lat' dir='ltr'>MAncu</span> <span class='ocrx_word' id='word_1_98' title='bbox 787 1380 1039 1461; x_wconf 83' lang='lat' dir='ltr'>s.quia,fi</span> <span class='ocrx_word' id='word_1_99' title='bbox 1052 1402 1246 1442; x_wconf 84' lang='lat' dir='ltr'>verum</span> <span class='ocrx_word' id='word_1_100' title='bbox 1260 1380 1345 1441; x_wconf 74' lang='lat' dir='ltr'><strong>di.-</strong></span> 
     </span>
     <span class='ocr_line' id='line_1_16' title="bbox 131 1465 1347 1547; baseline 0.005 -24"><span class='ocrx_word' id='word_1_101' title='bbox 131 1470 348 1543; x_wconf 81' lang='lat' dir='ltr'>.cimus,</span> <span class='ocrx_word' id='word_1_102' title='bbox 371 1470 504 1529; x_wconf 84' lang='lat' dir='ltr'><strong>haec</strong></span> <span class='ocrx_word' id='word_1_103' title='bbox 526 1465 600 1529; x_wconf 84' lang='lat' dir='ltr'>est</span> <span class='ocrx_word' id='word_1_104' title='bbox 613 1488 756 1544; x_wconf 83' lang='lat' dir='ltr'>mea,</span> <span class='ocrx_word' id='word_1_105' title='bbox 778 1484 840 1529; x_wconf 81' lang='lat' dir='ltr'>et</span> <span class='ocrx_word' id='word_1_106' title='bbox 856 1469 1020 1547; x_wconf 71' lang='lat' dir='ltr'>hujus</span> <span class='ocrx_word' id='word_1_107' title='bbox 1034 1466 1221 1529; x_wconf 69' lang='lat' dir='ltr'>fratris</span> <span class='ocrx_word' id='word_1_108' title='bbox 1235 1471 1347 1529; x_wconf 83' lang='lat' dir='ltr'>mei</span> 
     </span>
    </p>

    <p class='ocr_par' dir='ltr' id='par_1_7' title="bbox 129 1555 1351 2494">
     <span class='ocr_line' id='line_1_17' title="bbox 129 1555 1346 1635; baseline 0 -20"><span class='ocrx_word' id='word_1_109' title='bbox 129 1590 135 1599; x_wconf 52' lang='grc' dir='ltr'><em>ι</em></span> <span class='ocrx_word' id='word_1_110' title='bbox 141 1575 407 1633; x_wconf 80' lang='lat' dir='ltr'><strong>germana</strong></span> <span class='ocrx_word' id='word_1_111' title='bbox 420 1556 626 1635; x_wconf 65' lang='lat' dir='ltr'>panim</span> <span class='ocrx_word' id='word_1_112' title='bbox 635 1556 766 1615; x_wconf 73' lang='lat' dir='ltr'>hiae</span> <span class='ocrx_word' id='word_1_113' title='bbox 779 1556 930 1615; x_wconf 78' lang='lat' dir='ltr'>enim</span> <span class='ocrx_word' id='word_1_114' title='bbox 942 1557 1055 1615; x_wconf 82' lang='lat' dir='ltr'>orti</span> <span class='ocrx_word' id='word_1_115' title='bbox 1070 1555 1231 1635; x_wconf 81' lang='lat' dir='ltr'>stirpe</span> <span class='ocrx_word' id='word_1_116' title='bbox 1242 1577 1346 1615; x_wconf 74' lang='lat' dir='ltr'>an·</span> 
     </span>
     <span class='ocr_line' id='line_1_18' title="bbox 145 1638 1345 1720; baseline -0.003 -20"><span class='ocrx_word' id='word_1_117' title='bbox 145 1640 436 1720; x_wconf 82' lang='lat' dir='ltr'><strong>tiquiffima</strong></span> <span class='ocrx_word' id='word_1_118' title='bbox 448 1664 466 1700; x_wconf 72' lang='grc' dir='ltr'><strong>ε</strong></span> <span class='ocrx_word' id='word_1_119' title='bbox 489 1644 581 1701; x_wconf 63' lang='grc' dir='ltr'>Ιπῖε</span> <span class='ocrx_word' id='word_1_120' title='bbox 599 1638 766 1716; x_wconf 73' lang='lat' dir='ltr'>sacra,</span> <span class='ocrx_word' id='word_1_121' title='bbox 791 1644 886 1699; x_wconf 70' lang='lat' dir='ltr'>hic·</span> <span class='ocrx_word' id='word_1_122' title='bbox 896 1643 1213 1719; x_wconf 65' lang='lat' dir='ltr'>genus5hic</span> <span class='ocrx_word' id='word_1_123' title='bbox 1227 1662 1345 1701; x_wconf 69' lang='lat' dir='ltr'><strong>ma·-</strong></span> 
     </span>
     <span class='ocr_line' id='line_1_19' title="bbox 136 1725 1346 1808; baseline 0 -21"><span class='ocrx_word' id='word_1_124' title='bbox 136 1727 332 1806; x_wconf 88' lang='lat' dir='ltr'><strong>jorum</strong></span> <span class='ocrx_word' id='word_1_125' title='bbox 354 1726 530 1787; x_wconf 83' lang='lat' dir='ltr'><strong>multa</strong></span> <span class='ocrx_word' id='word_1_126' title='bbox 547 1725 793 1806; x_wconf 79' lang='lat' dir='ltr'><strong>vestigia.</strong></span> <span class='ocrx_word' id='word_1_127' title='bbox 839 1726 974 1807; x_wconf 86' lang='lat' dir='ltr'>quid</span> <span class='ocrx_word' id='word_1_128' title='bbox 995 1727 1179 1808; x_wconf 83' lang='lat' dir='ltr'>plura?</span> <span class='ocrx_word' id='word_1_129' title='bbox 1202 1731 1346 1787; x_wconf 69' lang='lat' dir='ltr'>hanc</span> 
     </span>
     <span class='ocr_line' id='line_1_20' title="bbox 143 1810 1345 1893; baseline -0.002 -18"><span class='ocrx_word' id='word_1_130' title='bbox 143 1811 303 1875; x_wconf 78' lang='lat' dir='ltr'>vides</span> <span class='ocrx_word' id='word_1_131' title='bbox 326 1812 540 1888; x_wconf 85' lang='lat' dir='ltr'>villam,</span> <span class='ocrx_word' id='word_1_132' title='bbox 559 1829 626 1873; x_wconf 84' lang='lat' dir='ltr'>ut</span> <span class='ocrx_word' id='word_1_133' title='bbox 646 1834 797 1873; x_wconf 87' lang='lat' dir='ltr'>nunc</span> <span class='ocrx_word' id='word_1_134' title='bbox 821 1813 1043 1893; x_wconf 85' lang='lat' dir='ltr'>quidem</span> <span class='ocrx_word' id='word_1_135' title='bbox 1064 1810 1161 1887; x_wconf 88' lang='lat' dir='ltr'>est,</span> <span class='ocrx_word' id='word_1_136' title='bbox 1181 1812 1345 1873; x_wconf 80' lang='lat' dir='ltr'><strong>lauti·</strong></span> 
     </span>
     <span class='ocr_line' id='line_1_21' title="bbox 141 1898 1346 1980; baseline -0.002 -21"><span class='ocrx_word' id='word_1_137' title='bbox 141 1919 211 1959; x_wconf 83' lang='lat' dir='ltr'>us</span> <span class='ocrx_word' id='word_1_138' title='bbox 243 1898 580 1959; x_wconf 86' lang='lat' dir='ltr'>aedificatam</span> <span class='ocrx_word' id='word_1_139' title='bbox 609 1901 782 1980; x_wconf 84' lang='lat' dir='ltr'>patris</span> <span class='ocrx_word' id='word_1_140' title='bbox 805 1898 973 1959; x_wconf 87' lang='lat' dir='ltr'>nostri</span> <span class='ocrx_word' id='word_1_141' title='bbox 1002 1898 1211 1971; x_wconf 63' lang='lat' dir='ltr'>studim</span> <span class='ocrx_word' id='word_1_142' title='bbox 1246 1901 1346 1978; x_wconf 82' lang='lat' dir='ltr'>qui</span> 
     </span>
     <span class='ocr_line' id='line_1_22' title="bbox 141 1984 1346 2061; baseline -0.003 -14"><span class='ocrx_word' id='word_1_143' title='bbox 141 2006 272 2047; x_wconf 84' lang='lat' dir='ltr'>cum</span> <span class='ocrx_word' id='word_1_144' title='bbox 286 1984 412 2045; x_wconf 80' lang='lat' dir='ltr'>ess&#39;et</span> <span class='ocrx_word' id='word_1_145' title='bbox 425 1985 640 2045; x_wconf 85' lang='lat' dir='ltr'><strong>infirma</strong></span> <span class='ocrx_word' id='word_1_146' title='bbox 661 1984 1000 2061; x_wconf 88' lang='lat' dir='ltr'>valetudine,</span> <span class='ocrx_word' id='word_1_147' title='bbox 1023 1986 1113 2045; x_wconf 75' lang='lat' dir='ltr'>hic</span> <span class='ocrx_word' id='word_1_148' title='bbox 1129 1984 1241 2045; x_wconf 84' lang='lat' dir='ltr'>fere</span> <span class='ocrx_word' id='word_1_149' title='bbox 1256 2006 1346 2045; x_wconf 81' lang='lat' dir='ltr'>ae-</span> 
     </span>
     <span class='ocr_line' id='line_1_23' title="bbox 139 2070 1345 2153; baseline 0.001 -22"><span class='ocrx_word' id='word_1_150' title='bbox 139 2086 314 2131; x_wconf 85' lang='lat' dir='ltr'><strong>tatem</strong></span> <span class='ocrx_word' id='word_1_151' title='bbox 329 2073 440 2150; x_wconf 86' lang='lat' dir='ltr'><strong>egit</strong></span> <span class='ocrx_word' id='word_1_152' title='bbox 454 2073 514 2131; x_wconf 89' lang='lat' dir='ltr'>in</span> <span class='ocrx_word' id='word_1_153' title='bbox 534 2071 728 2133; x_wconf 81' lang='lat' dir='ltr'>literis.</span> <span class='ocrx_word' id='word_1_154' title='bbox 775 2070 867 2132; x_wconf 90' lang='lat' dir='ltr'>sed</span> <span class='ocrx_word' id='word_1_155' title='bbox 882 2075 990 2133; x_wconf 91' lang='lat' dir='ltr'>hoc</span> <span class='ocrx_word' id='word_1_156' title='bbox 1004 2070 1122 2153; x_wconf 88' lang='lat' dir='ltr'>ipso</span> <span class='ocrx_word' id='word_1_157' title='bbox 1137 2072 1198 2131; x_wconf 85' lang='lat' dir='ltr'>in</span> <span class='ocrx_word' id='word_1_158' title='bbox 1212 2071 1345 2132; x_wconf 85' lang='lat' dir='ltr'><strong>loco</strong></span> 
     </span>
     <span class='ocr_line' id='line_1_24' title="bbox 137 2160 1347 2237; baseline -0.002 -18"><span class='ocrx_word' id='word_1_159' title='bbox 137 2179 272 2219; x_wconf 87' lang='lat' dir='ltr'>cum</span> <span class='ocrx_word' id='word_1_160' title='bbox 288 2178 423 2217; x_wconf 84' lang='lat' dir='ltr'>avus</span> <span class='ocrx_word' id='word_1_161' title='bbox 437 2160 668 2234; x_wconf 85' lang='lat' dir='ltr'>viveret,</span> <span class='ocrx_word' id='word_1_162' title='bbox 683 2174 740 2219; x_wconf 86' lang='lat' dir='ltr'>et</span> <span class='ocrx_word' id='word_1_163' title='bbox 753 2160 988 2237; x_wconf 88' lang='lat' dir='ltr'>antiquo</span> <span class='ocrx_word' id='word_1_164' title='bbox 1007 2178 1160 2217; x_wconf 89' lang='lat' dir='ltr'>more</span> <span class='ocrx_word' id='word_1_165' title='bbox 1174 2178 1347 2237; x_wconf 79' lang='lat' dir='ltr'><strong>parva</strong></span> 
     </span>
     <span class='ocr_line' id='line_1_25' title="bbox 135 2242 1347 2321; baseline 0 -18"><span class='ocrx_word' id='word_1_166' title='bbox 135 2242 272 2303; x_wconf 72' lang='lat' dir='ltr'>ess&#39;et</span> <span class='ocrx_word' id='word_1_167' title='bbox 287 2244 440 2321; x_wconf 86' lang='lat' dir='ltr'>villa,</span> <span class='ocrx_word' id='word_1_168' title='bbox 464 2261 526 2304; x_wconf 89' lang='lat' dir='ltr'>ut</span> <span class='ocrx_word' id='word_1_169' title='bbox 547 2244 641 2303; x_wconf 85' lang='lat' dir='ltr'>illa</span> <span class='ocrx_word' id='word_1_170' title='bbox 657 2245 897 2305; x_wconf 83' lang='lat' dir='ltr'>Curiana</span> <span class='ocrx_word' id='word_1_171' title='bbox 919 2246 980 2303; x_wconf 89' lang='lat' dir='ltr'>in</span> <span class='ocrx_word' id='word_1_172' title='bbox 992 2245 1233 2316; x_wconf 82' lang='lat' dir='ltr'>Sabinis,</span> <span class='ocrx_word' id='word_1_173' title='bbox 1255 2264 1347 2303; x_wconf 84' lang='lat' dir='ltr'>me</span> 
     </span>
     <span class='ocr_line' id='line_1_26' title="bbox 136 2326 1345 2410; baseline -0.002 -19"><span class='ocrx_word' id='word_1_174' title='bbox 136 2330 278 2391; x_wconf 84' lang='lat' dir='ltr'>scito</span> <span class='ocrx_word' id='word_1_175' title='bbox 293 2328 397 2390; x_wconf 79' lang='lat' dir='ltr'>effe</span> <span class='ocrx_word' id='word_1_176' title='bbox 411 2347 622 2390; x_wconf 84' lang='lat' dir='ltr'><strong>natum.</strong></span> <span class='ocrx_word' id='word_1_177' title='bbox 648 2351 818 2410; x_wconf 83' lang='lat' dir='ltr'>qnare</span> <span class='ocrx_word' id='word_1_178' title='bbox 833 2328 970 2389; x_wconf 86' lang='lat' dir='ltr'><strong>inest</strong></span> <span class='ocrx_word' id='word_1_179' title='bbox 990 2326 1170 2389; x_wconf 85' lang='lat' dir='ltr'><strong>nescio</strong></span> <span class='ocrx_word' id='word_1_180' title='bbox 1186 2330 1345 2408; x_wconf 88' lang='lat' dir='ltr'>quid,</span> 
     </span>
     <span class='ocr_line' id='line_1_27' title="bbox 135 2414 1351 2494; baseline -0.003 -17"><span class='ocrx_word' id='word_1_181' title='bbox 135 2432 199 2477; x_wconf 80' lang='lat' dir='ltr'>et.</span> <span class='ocrx_word' id='word_1_182' title='bbox 219 2416 356 2479; x_wconf 79' lang='lat' dir='ltr'>latet</span> <span class='ocrx_word' id='word_1_183' title='bbox 384 2418 445 2475; x_wconf 85' lang='lat' dir='ltr'>in</span> <span class='ocrx_word' id='word_1_184' title='bbox 476 2418 666 2476; x_wconf 86' lang='lat' dir='ltr'><strong>animo</strong></span> <span class='ocrx_word' id='word_1_185' title='bbox 695 2438 758 2477; x_wconf 86' lang='lat' dir='ltr'>ac</span> <span class='ocrx_word' id='word_1_186' title='bbox 779 2414 931 2475; x_wconf 86' lang='lat' dir='ltr'>sensu</span> <span class='ocrx_word' id='word_1_187' title='bbox 954 2436 1102 2491; x_wconf 86' lang='lat' dir='ltr'>meo,</span> <span class='ocrx_word' id='word_1_188' title='bbox 1126 2436 1239 2494; x_wconf 89' lang='lat' dir='ltr'>quo</span> <span class='ocrx_word' id='word_1_189' title='bbox 1263 2437 1351 2477; x_wconf 87' lang='lat' dir='ltr'>me</span> 
     </span>
    </p>
   </div>
   <div class='ocr_carea' id='block_1_5' title="bbox 135 2499 1351 2589">
    <p class='ocr_par' dir='ltr' id='par_1_8' title="bbox 135 2499 1351 2589">
     <span class='ocr_line' id='line_1_28' title="bbox 135 2499 1351 2589; baseline -0.005 -22"><span class='ocrx_word' id='word_1_190' title='bbox 135 2501 268 2589; x_wconf 81' lang='lat' dir='ltr'>plus</span> <span class='ocrx_word' id='word_1_191' title='bbox 284 2504 376 2573; x_wconf 72' lang='lat' dir='ltr'>hic</span> <span class='ocrx_word' id='word_1_192' title='bbox 389 2502 546 2567; x_wconf 80' lang='lat' dir='ltr'>locus</span> <span class='ocrx_word' id='word_1_193' title='bbox 562 2502 778 2569; x_wconf 74' lang='lat' dir='ltr'>fortasse</span> <span class='ocrx_word' id='word_1_194' title='bbox 799 2500 1067 2567; x_wconf 62' lang='lat' dir='ltr'><strong>delectet:</strong></span> <span class='ocrx_word' id='word_1_195' title='bbox 1091 2499 1351 2581; x_wconf 84' lang='lat' dir='ltr'>fiquidem</span> 
     </span>
    </p>
   </div>
  </div>
 </body>
</html>
