1684 3084
278 182 570 243 LIBER
611 182 1131 242 SECUNDUS.
1248 203 1327 260 77

118 287 198 360 is,
214 283 316 361 qui
329 283 406 356 ei,
430 280 530 359 qui
551 295 804 340 mortuus
819 278 909 356 fit,
931 283 1219 361 pecuniam
1234 282 1333 346 de·

115 371 326 444 buerit,
347 368 672 448 neminique
691 386 810 427 eam
835 364 1085 444 solverit,
1106 369 1335 450 perinde

117 460 410 531 habeatur,
444 452 596 533 quafi
625 474 750 514 eam
779 456 1073 535 pecuniam
1102 458 1333 537 ceperit.

42 558 106 594 20
121 552 279 608 Haec
301 562 410 603 nos
433 560 468 599 a
479 540 740 601 Scaevola
759 538 1085 617 didicimus;
1112 560 1232 602 non
1256 544 1337 603 ita

120 630 390 711 descripta
404 630 474 688 ab
487 628 757 709 antiquis,
769 648 900 687 nam
914 622 993 687 illi
1009 627 1230 707 quidem
1244 618 1335 690 his

111 719 304 781 verbi·
326 714 621 792 docebant,
643 717 821 776 tribus
843 712 1027 775 modis
1051 712 1214 776 sacris
1236 715 1333 777 ad·

113 805 312 883 stringi
327 825 345 863 ε
368 801 670 863 hereditate
682 827 702 864 ε
725 818 844 879 ant,
867 799 907 861 fi
920 802 1189 881 majorem
1202 822 1333 885 pat-

113 908 232 953 tem
253 892 526 971 pecuniae
554 893 765 970 capiat=
798 905 919 966 aut,
940 887 981 949 fi
1000 890 1183 969 major
1202 909 1333 971 pars

111 978 388 1063 pecuniae
408 975 590 1055 legata
609 976 708 1054 est,
727 974 768 1036 fi
792 976 926 1037 inde
946 977 1231 1057 quippiam
1244 998 1335 1037 ee·
1386 1040 1399 1050 ,

59 1136 66 1145 ι
114 1067 288 1148 perit.
339 1060 432 1121 sed
446 1062 762 1143 pontificem
773 1063 1083 1144 sequamur.
1128 1062 1336 1125 videtis

114 1154 296 1233 igitur
325 1150 520 1211 omnia
539 1151 778 1232 pendere
795 1170 872 1211 ex
897 1168 1015 1210 uno
1036 1148 1157 1227 illo,
1178 1150 1335 1232 quod

115 1235 418 1321 pontifices
444 1242 735 1319 pecuniam
757 1232 921 1298 sacris
940 1238 1216 1319 conjungi
1228 1262 1337 1302 vo·

116 1326 270 1387 lunt:
287 1322 585 1405 iisdemque
599 1324 764 1386 ferias
777 1338 836 1385 et
848 1328 1220 1385 caeremonias
1236 1324 1337 1387 ad·

116 1410 430 1474 scribendas
444 1424 670 1493 putant.
715 1424 884 1493 atque
898 1412 1062 1471 etiam
1078 1411 1213 1472 dant
1227 1416 1337 1475 hoc

117 1498 443 1577 scaevolae,
465 1499 621 1579 quod
635 1494 710 1559 est
724 1500 951 1579 partitio
966 1519 983 1557 ε
1006 1513 1091 1574 ut,
1114 1498 1154 1559 fi
1173 1502 1237 1561 in
1252 1515 1337 1561 te-

120 1585 400 1648 stamento
415 1582 669 1662 dedue'ta,
681 1582 885 1667 scripta
899 1606 1019 1645 non
1035 1584 1338 1667 fit,ipfique

121 1675 318 1734 minus
328 1674 574 1756 ceperint
577 1690 763 1753 ,quam
775 1692 871 1733 om
876 1674 1039 1755 nibus
1048 1673 1339 1735 heredibus

119 1760 504 1837 relinquatur,
524 1755 688 1819 sacris
703 1778 776 1819 ne
797 1758 1109 1839 alligentur.
1156 1763 1217 1821 in
1232 1762 1339 1822 do·

123 1848 362 1908 natione
375 1851 488 1909 hoc
508 1846 678 1906 iidem
697 1843 848 1907 secus
871 1850 1307 1927 interpretantur
1318 1862 1345 1909 t·

121 1948 184 1994 et
199 1929 358 2035 quod
381 1931 768 2017 paterfamilias
788 1936 848 1993 in
872 1934 993 2012 ejus
1014 1933 1345 2013 donatione,

129 2038 232 2101 qui
263 2022 326 2080 in
350 2019 518 2103 ipfius
533 2018 798 2104 potestate
818 2018 970 2097 effet,
992 2022 1346 2102 approbavit,

122 2122 316 2168 ratum
329 2108 436 2171 est:
461 2108 618 2189 qnod
631 2128 700 2167 eo
725 2106 993 2168 insciente
1016 2107 1217 2168 faetum
1242 2108 1344 2188 est,

121 2191 240 2262 md
252 2196 306 2255 is
321 2212 442 2258 non
457 2197 750 2278 approbat,
773 2208 953 2255 ratum
976 2214 1095 2255 non
1110 2192 1207 2256 est.
1252 2196 1347 2257 hia

59 2316 70 2325 ·
122 2276 889 2364 propofitisfluaestiunculae
901 2280 1103 2343 multae
1117 2278 1349 2343 nascun-

125 2383 216 2427 mr
233 2391 254 2429 ι
281 2388 423 2447 quas
441 2374 540 2451 qui
573 2390 692 2431 non
717 2366 1012 2450 intelligat,
1034 2367 1074 2427 fi
1096 2369 1168 2429 ad
1180 2380 1353 2454 caput

124 2456 468 2540 referat,per
483 2457 536 2518 se
552 2455 662 2536 ipse
669 2455 828 2516 facile
839 2455 1150 2537 perspiciat.
1173 2458 1349 2518 veluti

126 2540 507 2630 fininnsquis
516 2542 828 2629 cepisti-nne
840 2542 1003 2607 factio
1012 2542 1343 2623 alligamur*

669 2636 720 2693 E
772 2652 808 2695 2
