1684 3084
287 175 556 235 mim
597 171 1085 233 sncmsmus.
1222 167 1308 248 ες

92 316 129 357 a
141 289 364 376 populo
377 289 780 352 condemnatus
795 289 893 351 est:
904 291 1105 369 Junius
1120 285 1312 355 necem

95 379 192 442 fibi
209 378 324 462 ipse
339 376 632 439 conscivit.
657 385 728 438 C.
745 377 1075 438 Flaminium
1090 379 1313 442 Coelius

97 467 372 546 religione
401 465 648 544 neglefiia
661 463 906 525 cecidiffe
922 465 1070 546 apud
1086 463 1312 528 Thi-afi-

97 575 333 616 menum
371 550 557 612 scribit
593 573 720 613 cum
751 573 958 630 magno
988 553 1317 636 reipublicae

98 641 364 704 vulnere.
410 659 648 720 quorum
669 640 847 699 exitio
868 639 1102 720 intelligi
1118 637 1318 722 potest,

100 749 303 791 eorum
333 728 573 808 imperiis
603 725 991 808 rempublicam
1020 726 1319 810 amplifica·

103 832 250 892 tam,
287 815 388 897 qui
417 813 780 896 religionibus
809 812 1126 894 paruissent.
1173 831 1252 892 et,
1275 813 1318 878 fl

105 903 366 966 conferre
386 894 644 962 volumus
675 899 861 961 nostra
891 923 1016 962 cum
1046 903 1319 980 externis,

105 991 344 1052 caeteris
361 990 523 1048 rebus
540 1003 635 1048 aut
649 1007 805 1069 pares
810 1031 829 1064 ‚
844 991 1118 1048 autetiam
1133 988 1328 1048 inferi-

108 1097 238 1140 ores
255 1078 626 1158 reperiemurz
649 1074 941 1155 religione,
969 1075 1028 1135 id
1042 1073 1139 1152 est,
1160 1075 1325 1140 'cultu

109 1165 370 1239 deorum,
392 1163 570 1223 multo
585 1159 911 1244 superiore&
958 1184 1029 1224 an
1048 1165 1191 1224 Attii
1206 1169 1325 1225 Na.

108 1255 192 1314 vii
211 1253 387 1314 lituus
402 1249 516 1326 ille,
545 1269 663 1330 quo
687 1249 758 1310 ad
777 1245 1219 1328 investigandum
1232 1248 1322 1312 su·

106 1361 198 1401 ern
213 1341 472 1420 regiones
488 1337 685 1398 vineae
700 1337 1047 1412 terminavit,
1072 1353 1326 1400 contem-

16 1447 26 1458 ·
109 1426 335 1490 nendus
361 1423 462 1488 est?
489 1423 789 1500 crederem,
823 1420 925 1484 nifi
946 1423 1067 1504 ejus
1090 1427 1325 1506 augurio

108 1535 211 1577 rex
225 1511 502 1577 Hostilius
523 1513 766 1572 maxima
787 1509 935 1572 bella
945 1509 1186 1590 geffiflet.
1233 1511 1326 1576 sed

108 1600 458 1682 negligentia
472 1598 804 1674 nobilitatis,
815 1599 1029 1678 augurii
1042 1597 1333 1682 disciplina

108 1689 334 1764 omiffa,
377 1687 584 1748 veritas
624 1682 991 1766 auspiciorum
1022 1681 1199 1767 spreta
1230 1685 1330 1766 est,

109 1775 322 1860 species
336 1789 557 1834 tantum
569 1787 804 1834 retenta.
849 1773 1037 1853 itaque
1057 1775 1332 1837 maximae

93 1861 450 1945 ‘reipublicae
477 1875 683 1942 partes,
721 1861 780 1920 in
807 1861 897 1920 his
926 1859 1089 1936 bella,
1124 1863 1330 1942 quibus

115 1949 448 2033 reipublicae
460 1947 602 2008 salus
617 1949 958 2024 continetur,
974 1945 1139 2007 nullis
1154 1946 1333 2032 auspi.

118 2039 222 2102 ciis
239 2033 718 2110 administrantur3
745 2033 900 2095 nulla
920 2036 1200 2117 peremnia
1223 2033 1331 2097 ser·

118 2141 355 2201 vantur,
379 2123 532 2183 nulla
555 2141 628 2182 ex
657 2123 1033 2196 acuminibus3
1061 2122 1203 2182 nulli
1224 2123 1333 2186 viri

118 2227 424 2286 vocantur,
445 2231 519 2270 ex
541 2209 732 2290 quoin
747 2210 1032 2289 procinctu
1046 2205 1335 2271 testamen·

120 2315 180 2361 ta
195 2302 501 2384 perierunt.
549 2313 669 2356 tum
699 2297 849 2355 enim
870 2292 1013 2354 bella
1026 2315 1213 2373 gerere
1226 2318 1337 2358 no·

120 2387 215 2449 stri
229 2387 400 2447 duces
423 2385 722 2464 incipiunt,
744 2402 871 2442 cum
891 2379 1125 2462 auspicia
1136 2381 1335 2462 posue-

122 2475 283 2536 runt.
332 2487 391 2532 at
405 2490 542 2532 vero
558 2469 701 2550 apud
723 2467 964 2547 majores
982 2481 1137 2527 tanta
1152 2469 1334 2548 religi-

123 2557 259 2625 onis
273 2560 365 2624 vis
379 2557 509 2639 fuit,
529 2571 596 2618 ut
609 2553 835 2641 quidam
854 2557 1213 2638 imperatores
1232 2555 1341 2636 eti·-¹
